2670 5204
88 4 1330 380 u

592 938 1179 963 mummuummmmw

115 1102 121 1110 ’
205 1128 606 1228 pannonum
631 1128 782 1229 non
809 1129 1112 1228 nononis

174 1595 273 1650 Omna
288 1593 415 1670 pretium
429 1603 472 1652 est
483 1595 599 1652 Lectori
617 1594 762 1653 benemlo
778 1594 905 1654 breviter
918 1595 1059 1667 indicare,
1078 1597 1184 1674 quibus

140 1691 242 1749 auxiliis
255 1670 338 1761 ireti,
352 1709 471 1748 manum
484 1689 615 1748 ultimum
629 1691 698 1748 huic
717 1692 800 1768 operi
813 1692 1050 1769 imposuerimus,
1065 1705 1095 1753 et
1109 1714 1184 1773 quos

138 1787 217 1844 duces
230 1788 393 1864 praecipuos
406 1787 437 1843 in
450 1798 549 1844 nostra
564 1787 677 1845 Horatii
692 1786 930 1864 interpretatione
946 1788 1033 1848 simus
1046 1790 1143 1849 uenti

171 1880 359 1942 Utilissimum
373 1884 527 1943 doctissimi
543 1885 681 1941 Dormio
697 1885 952 1956 commentarium,
966 1886 1014 1944 cui
1028 1887 1186 1947 felicissime

136 1983 282 2056 praeirerat
301 1982 333 2038 iu
354 1993 455 2039 nostro
475 1993 561 2059 poeta
582 1981 772 2051 elucidando,
792 1981 839 2039 vir
861 1982 996 2040 doctrina
1017 1995 1045 2042 et
1067 1985 1185 2062 ingenio

135 2080 312 2137 venerandus
331 2079 588 2148 Mitscherlichius,
604 2079 732 2136 Editioni
745 2078 815 2136 huic
825 2091 931 2138 nostrae
943 2100 1005 2157 prae
1018 2082 1118 2140 ceteris
1133 2101 1184 2140 ac·

135 2178 377 2235 commodandum
399 2179 460 2235 sine
479 2177 570 2235 dubio
591 2177 769 2247 censuimus3
791 2177 829 2233 ita
851 2189 960 2247 tamen,
983 2191 1016 2237 ut
1034 2180 1185 2256 utriusque

136 2278 174 2332 Cl.
192 2276 254 2332 Viri
272 2288 356 2333 notas
372 2276 508 2344 miscere,
518 2285 546 2332 et
559 2275 610 2331 ubi
624 2293 737 2332 necesse
749 2273 910 2345 rideretur,
925 2277 1078 2335 emendare
1093 2278 1187 2336 nostri

136 2393 242 2448 semper
262 2373 339 2447 juris
363 2384 449 2444 esset,
470 2390 617 2447 novasque
639 2370 724 2429 etiam
746 2370 783 2428 de
808 2384 910 2432 nostro
935 2373 1185 2450 interpretationes

136 2471 265 2545 adjicere.

171 2577 271 2644 Quum
281 2583 377 2628 autem
388 2571 622 2629 emendationum
632 2583 814 2642 nostrarum,
827 2584 1039 2648 notarumque,
1048 2593 1118 2649 quas
1132 2574 1185 2651 ipsi

136 2688 243 2726 summo
254 2671 351 2727 studio
361 2689 528 2745 summaque
539 2671 686 2746 diligentia
695 2671 824 2745 undaque
833 2671 1015 2748 collegimus,
1029 2692 1090 2728 non
1103 2693 1186 2762 sper·-
1206 2738 1213 2749 .
1241 2732 1249 2743 ,
1268 2741 1276 2753 .
1326 2710 1334 2723 ι

136 2768 225 2823 nenda
241 2768 377 2824 crevisset
389 2786 484 2851 sege,s
500 2779 560 2823 turn
572 2768 601 2823 in
616 2767 732 2824 duobus
741 2787 842 2843 primas
852 2769 991 2838 odarum,
978 2778 1064 2829 ttattt
1066 2743 1188 2869 iuml&
1263 2774 1281 2847 ζ
1301 2793 1313 2839 .·

138 2866 195 2937 quis
210 2865 309 2934 libris,
326 2865 413 2923 satiris
429 2865 593 2941 putavimus
608 2865 745 2941 deinceps
763 2877 864 2922 notare
877 2843 1027 2941 quidqan'd
1032 2835 1187 2950 piropfiuin
1229 2858 1238 2872 ⁴
1268 2921 1275 2933 ,
1297 2909 1318 2936 ,.

138 2962 216 3019 nobis
232 2963 309 3019 soret
329 2982 362 3018 ac
378 2963 540 3037 peculiare,
554 2979 592 3018 ne
609 2963 673 3036 quis
687 2962 883 3019 eruditissimis
898 2963 975 3020 Viris
993 2956 1185 3047 adtrffiu’erth
1269 2950 1322 3045 'st'

138 3061 239 3133 qnod
231 3079 364 3136 ipsorum
380 3080 441 3116 non
458 3071 537 3116 esset.
553 3060 633 3135 Ergo
653 3080 668 3115 a
690 3059 775 3116 tertio
795 3060 961 3117 Carminium
983 3051 1076 3131 libro,
1096 3038 1185 3152 quld-
1221 3044 1262 3147 ’ς’
1276 3040 1295 3142 ⁴-
1317 3106 1324 3150 ⁶.

139 3158 203 3230 quid
218 3177 275 3232 pro
289 3168 388 3212 nostra
403 3155 536 3211 facultate
550 3153 726 3223 addidimus,
747 3155 927 3214 distinximus
940 3156 985 3213 his
998 3158 1105 3228 literis;
1114 3155 1207 3229 sssjf‘
1230 3162 1265 3215 :3
1275 3160 1329 3234 ξ’,

139 3256 193 3311 etsi
204 3254 343 3329 usquead
352 3255 404 3309 illa
416 3253 543 3310 carmina
556 3253 630 3309 hanc
643 3273 743 3311 curam
756 3254 953 3330 imprudentes
962 3232 1184 3333 neglexerimus,
1205 3236 1213 3249 ί

139 3355 245 3428 optimo
258 3352 362 3409 lectori
377 3371 393 3407 a
409 3350 494 3408 nobis
508 3349 637 3407 satisfieri
652 3368 816 3426 precamur,
827 3353 907 3427 quod
918 3355 1007 3430 magis
1018 3355 1094 3411 illius
1104 3376 1186 3412 com·

138 3453 222 3507 modo
236 3464 266 3508 et
279 3450 443 3507 Horatianus
459 3448 554 3517 laudi,
566 3468 653 3523 quam
663 3460 768 3506 nostrae
779 3451 1023 3508 commendationi
1036 3454 1187 3513 consulere

140 3549 275 3605 inanimo
288 3566 402 3623 semper
415 3545 510 3603 inerit„

173 3653 318 3705 Praeterea
341 3647 474 3703 Odarum
491 3657 520 3701 et
539 3645 683 3720 Epodon,
699 3656 728 3701 et
746 3646 920 3716 Satirarum,
944 3660 973 3705 et
994 3650 1187 3725 Epistularum

140 3749 291 3821 unicuique
309 3745 424 3800 titulum
446 3741 637 3818 praefiximus,
658 3745 788 3816 quamvis
807 3743 868 3819 ipse
886 3745 1023 3801 Dorumo
1040 3748 1187 3816 omiserit,

140 3846 222 3900 immo
242 3842 390 3919 Analysirn
410 3840 597 3914 subjecimus,
616 3841 662 3896 vel
687 3859 722 3897 ex
748 3842 955 3898 commentario
970 3844 1187 3901 Mitsclaerlichii

140 3953 317 4016 excerptam,
335 3939 381 3996 vel
400 3957 416 3994 a
437 3937 520 3993 nobis
535 3937 602 4013 ipsis
614 3936 792 3995 elaboratam
805 3928 852 4015 (in
870 3939 969 3996 Satiris
985 3942 1142 4016 presertim
1159 3953 1187 3998 et

140 4037 298 4114 Epistolis),
311 4049 345 4092 ut
359 4054 458 4092 rerum
472 4035 735 4109 sententiarumque
750 4034 850 4103 series,
862 4035 926 4092 utili
939 4038 1126 4112 compendio,
1146 4039 1186 4095 ln-

140 4138 214 4192 cilius
235 4137 435 4191 innotesceret.
454 4132 567 4188 Etenim
580 4132 610 4187 in
627 4131 726 4190 Satiris
739 4132 947 4207 Epistulisque,
961 4153 1052 4208 quum
1069 4135 1187 4192 liberius

141 4204 396 4311 negligentiusque,
419 4242 453 4285 ut
475 4229 531 4286 sert
554 4230 626 4287 illud
652 4229 797 4287 scribendi
820 4248 926 4305 genus,
949 4245 1050 4289 auctor
1073 4236 1187 4309 evagari

140 4337 274 4402 rideatur,
288 4331 453 4408 periculum
467 4341 523 4399 est,
536 4349 574 4386 ne
586 4330 713 4405 partium
724 4328 861 4402 junctura
872 4330 1009 4388 lectorem
1018 4331 1105 4388 fallat.
1115 4333 1186 4388 Dili-

142 4448 232 4509 genter
251 4430 458 4496 indicavimus,
478 4449 535 4504 qua
554 4429 590 4486 de
607 4448 707 4496 causa,
722 4440 750 4485 et
769 4446 829 4500 quo
850 4440 980 4504 tempore
994 4450 1067 4505 opus
1081 4450 1187 4486 unum·

142 4535 269 4608 qiaodqne
290 4530 431 4605 scriptum
456 4527 505 4598 sit,
528 4538 588 4584 tum
610 4526 771 4604 cogitandi,
794 4539 855 4585 tuan
878 4527 1021 4586 scribendi
1044 4528 1185 4585 rationem
