2664 5242
474 392 568 461 Llll.
595 393 627 479 1,
652 392 747 460 stT.
773 392 822 459 11.
1126 418 1171 491 ap

153 530 285 600 duobus
298 528 372 599 haec
382 544 524 620 metunt,
539 530 612 600 doti
626 529 806 624 deprensn3
820 544 954 627 egomet
968 531 1025 599 tni.

152 648 294 717 Discincta
306 648 419 717 tunica
431 646 627 744 fugiendum
640 665 691 719 cst
704 674 742 719 ac
756 648 842 744 pede
857 648 963 738 nudo,

148 766 187 835 lte
196 768 319 837 nummi
330 782 485 861 pereant,
499 783 556 837 aut
569 793 672 863 pygn,
684 781 742 835 nut
756 765 900 860 denique
914 766 1013 836 lama.

146 885 297 981 Deprendi
311 886 471 957 miserum
484 902 551 976 est3
566 887 672 959 Fabio
684 884 736 954 vel
750 885 862 981 judice
875 885 1017 954 vincam.

140 1080 238 1151 palliis,
251 1081 316 1135 male
324 1081 431 1151 pallida,
443 1092 471 1135 ιιι
480 1100 595 1135 vesanus
606 1091 632 1135 et
666 1080 703 1133 vel
714 1079 941 1149 insuper-Fabiu
950 1076 1090 1149 vetjudt'co
1098 1082 1171 1133 vtirc.

140 1164 185 1217 dis.
201 1194 235 1206 -
251 1166 374 1225 consciit,
393 1182 428 1220 sc.
448 1166 519 1219 furti.
546 1165 629 1219 Schol.
667 1165 692 1216 id
706 1166 823 1219 miserum
837 1181 890 1217 csse
904 1164 1012 1217 evincam
1030 1174 1055 1215 ot
1065 1166 1174 1231 probabo

140 1249 203 1321 Cruq.
221 1274 235 1300 ι
245 1249 335 1304 ancilla
352 1251 504 1305 conciliatrix
516 1250 631 1303 adulterii
665 1250 704 1303 rel
716 1249 895 1315 Fabiojudioe.
905 1248 988 1301 Schol.
998 1248 1075 1318 Cmq.
1086 1268 1100 1296 ι
1108 1250 1175 1301 Satis

138 1336 255 1387 doonscia
267 1351 317 1386 sun
327 1333 443 1386 domino.
456 1355 470 1381 o
667 1334 763 1387 urbane
776 1342 845 1387 notat
857 1333 962 1384 Fabium
972 1332 1174 1398 jurisconsultum

138 1426 147 1459 ι
165 1417 633 1483 sst.11oec,sucitta.-mematcm-
668 1419 800 1489 uliquando
817 1419 841 1470 in
859 1418 981 1469 adulterio
993 1416 1173 1485 deprehensum

137 1500 212 1561 abus,
225 1511 336 1567 metunt,
351 1518 383 1554 nc
394 1516 465 1554 etun
474 1500 633 1570 compedibus
669 1504 755 1556 fuisse.
768 1523 781 1551 o
794 1502 908 1555 Fortasse
917 1502 983 1554 idem
992 1500 1174 1569 Fabioqueui

137 1585 330 1638 iuoeeuutur.-
337 1582 535 1655 mudepnm,
546 1583 633 1649 conju·
668 1599 739 1658 poeta
747 1604 816 1656 supr.
828 1587 878 1639 sat.
891 1586 914 1651 1,
926 1598 948 1647 t,
961 1596 1003 1650 ts,
1013 1595 1041 1635 ut
1051 1581 1176 1635 huminem

135 1684 168 1736 μ
186 1670 211 1721 in
229 1668 354 1721 adulterio
370 1667 528 1734 deprebensa
546 1667 634 1718 timere
669 1674 802 1745 lepitacem
815 1671 888 1723 ridet.
908 1669 1035 1721 Sirenum
1049 1668 1177 1737 cst,quod

135 1755 250 1807 debebant
268 1754 300 1807 do
316 1753 391 1815 dots,
411 1768 484 1820 quom
500 1751 633 1803 secundum
669 1756 933 1810 ibiobserrnvitvetus
943 1752 1100 1819 scholiastes,
1110 1752 1179 1805 bunc

136 1837 189 1904 teres
203 1837 343 1906 perdebant
356 1834 483 1888 mutem.
494 1846 637 1905 -eeomet
670 1843 777 1897 Fabium
795 1841 890 1911 aliquot
908 1840 1000 1905 tium,
1018 1840 1050 1891 αι
1066 1838 1178 1907 philoso-

136 1923 180 1982 Ιὶι
202 1938 280 1989 tupm
298 1939 322 1972 r·
347 1932 379 1972 3¹1
404 1937 458 1989 sqq.
481 1919 574 1969 dictum
598 1928 636 1971 est
671 1926 755 1994 phium
774 1924 910 1976 Stoioorurn
933 1923 1097 1991 pertinentes,
1113 1922 1177 1974 scri-

137 2006 188 2075 quid
207 2006 337 2074 deprensis
360 2004 478 2057 odultetit
499 2004 635 2055 timendum
671 2008 764 2075 psisso,
779 2006 861 2075 lepido
872 2002 990 2058 Horatius
1002 2006 1123 2067 Fabium,
1139 2004 1178 2057 rel

137 2090 258 2143 osetEo,
671 2089 798 2157 Stoicum,
819 2108 989 2143 concessurum
1009 2092 1063 2157 ait,
1087 2100 1177 2143 sortem

169 2188 226 2228 tta.
249 2176 292 2227 No
309 2176 411 2225 nummi
418 2186 540 2243 pereunt,
563 2190 632 2241 supr.
670 2171 819 2241 deprehensi
830 2173 1177 2225 adulterimiserrimamsssc.

138 2277 157 2310 r.
168 2272 216 2314 ιιι
230 2280 245 2307 u
254 2260 325 2311 dedit
338 2259 379 2311 bic
391 2276 436 2326 pro
447 2274 548 2326 corporo
561 2275 635 2309 num·
671 2254 747 2309 Stoici
762 2256 830 2308 enirn
842 2275 964 2308 summurn
975 2276 1097 2326 quemque
1107 2258 1179 2309 dolo-

139 2359 192 2395 nos.
205 2342 355 2409 o—-Pyga,
372 2355 458 2408 nutes,
473 2342 520 2393 hoc
529 2341 595 2393 refer
604 2342 635 2393 ad
672 2356 723 2394 rem
743 2358 813 2410 oque
828 2342 911 2393 animo
924 2342 1050 2393 terendum
1066 2358 1119 2391 esse
1136 2341 1180 2391 do-

141 2444 160 2478 r.
176 2439 207 2481 ιι
223 2448 231 2482 2
250 2448 264 2476 tt
277 2430 344 2479 lrunc
363 2428 551 2495 perminxerunt
567 2425 636 2479 calo·
671 2427 768 2477 cebant.
779 2453 816 2464 -
827 2426 947 2483 vulteum,
963 2426 987 2476 in
1000 2427 1046 2476 hac
1056 2442 1128 2477 causa
1139 2424 1181 2476 di-

141 2528 208 2565 nes...
217 2533 232 2561 u
241 2512 291 2563 Eo.
299 2540 336 2551 -
344 2507 466 2580 densque,
477 2526 537 2577 pro:
549 2508 636 2559 saltem
672 2510 749 2560 conda
760 2509 838 2560 victor
848 2524 901 2559 ero.
917 2506 966 2559 Eo.

168 2825 301 2879 Artnrsrs.
328 2826 421 2893 Incipit
437 2825 556 2877 Horatius
574 2827 700 2895 querendo
716 2826 783 2895 quod
803 2825 925 2877 humanus
942 2824 1040 2876 animus
1057 2824 1084 2875 iu
1103 2824 1186 2878 medio

138 2923 195 2965 stare
206 2914 317 2973 nesciat,
333 2920 358 2962 ot
376 2912 427 2962 lero
438 2928 536 2976 omnes,
546 2912 606 2964 dum
616 2912 726 2981 quedam
741 2912 801 2963 vitia
817 2910 900 2977 fugero
910 2911 1011 2976 volunt,
1024 2913 1049 2961 in
1063 2912 1185 2963 contrario

139 2999 269 3051 incurrant.
288 2998 335 3049 Illo
349 2997 441 3048 scilicet
457 2998 522 3048 arari
536 3014 625 3051 nomen
642 3009 768 3063 metuens,
788 2999 815 3048 fit
832 2997 960 3065 prodigus:
978 2998 1032 3059 ltic,
1045 2998 1186 3049 redicatur

139 3086 231 3146 nebulo,
248 3084 333 3137 omnia
351 3084 400 3133 sibi
423 3093 494 3148 negat
509 3094 535 3135 et
551 3086 642 3135 inisero
655 3085 723 3135 vivit.
741 3083 814 3136 Alter
823 3100 872 3135 non
887 3084 936 3134 nisi
949 3094 1071 3135 matronas
1083 3084 1186 3136 nutando

139 3183 255 3233 secutur,
271 3171 335 3223 alter
347 3172 474 3239 lupanaria
490 3181 582 3222 tanturn
593 3170 660 3223 colit.
675 3172 748 3224 lliuc.
762 3173 886 3223 tunsione
894 3182 1000 3239 sumpta,
1011 3188 1097 3238 puteos
1107 3173 1187 3223 rotatis

139 3276 183 3309 suae
193 3277 276 3311 mores
288 3260 398 3325 increpat
410 3257 538 3324 Horatius,
549 3259 719 3327 Romanosque
729 3268 808 3311 tentat
818 3259 849 3309 ub
861 3259 989 3309 adulteriis
998 3269 1116 3323 avertere,
1127 3276 1185 3325 pro-

139 3351 221 3415 positis
234 3349 353 3401 omnibus
362 3348 458 3399 damnis
469 3366 523 3416 qun
538 3350 594 3400 indo
608 3350 734 3413 oriantur,
747 3350 881 3417 suadetque
895 3359 922 3398 ut
935 3348 1186 3417 libertinorumque

141 3453 181 3486 noc
190 3436 294 3487 omnino
304 3435 407 3502 perdito
423 3445 496 3500 sunt,
513 3445 541 3486 ut
558 3437 711 3497 meretum,
726 3454 772 3487 nec
782 3436 871 3486 domna
881 3435 1006 3497 inierunt,
1018 3445 1046 3485 ut
1059 3446 1186 3502 matronas,

140 3538 219 3574 amore
232 3523 342 3574 contenti
360 3521 419 3572 sint.
436 3520 502 3587 Quot
520 3524 586 3574 enirn
606 3524 727 3592 deprenso
743 3522 853 3574 adultero
865 3522 974 3591 pericula
986 3522 1132 3573 imminent!
1146 3540 1188 3591 po·

141 3609 215 3659 cunio
226 3618 253 3659 et
268 3609 339 3659 lamas
351 3610 459 3675 jactura,
471 3610 544 3667 irtus.¹
559 3627 624 3661 mors
638 3609 755 3679 denique.
766 3608 888 3661 Nonnulli
897 3646 904 3669 ,
914 3618 1037 3660 matronas
1048 3608 1187 3675 fugientes,

142 3707 165 3747 et
178 3697 353 3749 libertinorum
366 3705 461 3746 tontum
474 3696 550 3747 amori
564 3695 734 3762 indulgentes,
753 3696 813 3748 adeo
825 3696 931 3747 libidine
944 3698 989 3747 hnc
1004 3695 1147 3757 insaniunt,
1162 3704 1189 3745 ut

143 3799 193 3834 curn
204 3785 235 3834 iis
246 3786 334 3835 laruam
345 3792 370 3833 ot
381 3782 502 3833 fortunam
514 3784 630 3850 perdant;
646 3802 700 3853 qun
714 3803 762 3836 non
777 3785 858 3835 minor
867 3802 924 3835 stne
934 3781 1040 3833 stultitia
1054 3793 1099 3834 est.
1119 3780 1188 3833 Stul-

145 3870 189 3921 tior
209 3872 284 3922 etiam
303 3871 346 3937 qui
365 3880 503 3927 matronas,
522 3880 623 3938 propter
637 3888 719 3923 earum
733 3871 887 3923 nobilitatem
900 3869 1048 3930 etdlritias,
1065 3877 1188 3932 sectatur,

145 3957 192 4008 ltoc
201 3960 268 4009 enim
280 3976 327 4008 non
335 3957 366 4007 ad
375 3956 582 4023 pulchritudinem
591 3959 716 4026 pertinent
734 3958 848 4028 niltilque
858 3958 887 4009 ad
896 3958 1042 4025 voluptutem
1049 3955 1189 4008 conserunt.

145 4041 211 4109 Saepe
226 4042 301 4095 etiam
321 4042 428 4109 pretiosa
446 4053 589 4095 ornamenta
608 4062 635 4096 ac
651 4043 793 4095 divitiarum
813 4053 944 4113 apparatus
962 4040 1093 4093 muliorum
1113 4040 1192 4093 colant

148 4126 217 4189 titia,
229 4128 289 4178 dum
302 4134 386 4178 contra
405 4128 430 4178 in
447 4126 572 4180 libertinis
585 4127 649 4181 nihil
659 4138 736 4195 relat,
750 4130 809 4197 quin
821 4128 904 4181 otnnia
919 4146 968 4179 uno
978 4136 1074 4193 aspectu
1086 4127 1189 4193 judices.
