2664 5242
432 372 619 442 sarran
643 373 880 485 nonan-n.
1125 376 1182 469 xiij

146 513 215 581 llon
233 506 432 580 abludebat
444 509 520 582 haec
534 510 647 581 Satira
659 533 681 580 a
694 512 828 582 nostris
841 515 974 583 Farcet
985 510 1184 610 pudentio-

145 625 251 715 ribus,
269 624 336 698 ubi
353 626 560 723 prorniscue
583 642 620 699 et
643 627 923 724 spectatoribus,
945 644 981 701 et
1003 628 1188 701 actoribus

143 745 283 817 scenico
300 744 375 816 sale
391 743 664 817 dedicabantur
675 745 856 818 auriculae.

180 865 301 959 Atque
313 860 364 932 ita
377 884 415 932 se
427 859 584 932 babebat
597 885 654 932 nes
669 861 830 951 scenica;
843 887 958 960 quum
976 865 1098 937 Livius
1107 865 1187 934 An·

140 979 311 1052 anneus
333 979 380 1051 ad
403 979 607 1053 comoedias
629 995 666 1052 et
689 979 893 1080 tragoedias
911 982 957 1054 ad
979 987 1188 1059 Graecorum

140 1097 381 1168 imitationem
397 1095 681 1169 conscribendas
696 1098 835 1195 primus
847 1099 1012 1171 animum
1025 1098 1187 1197 appulitt

138 1236 212 1309 quae
224 1237 342 1311 quum
354 1227 447 1284 esset
459 1211 659 1286 oblectatio
667 1228 703 1287 et
712 1211 908 1305 liberalior,
922 1229 958 1285 et
971 1212 1185 1304 absolutior,

139 1352 218 1400 mox
243 1327 320 1401 buc
347 1328 510 1427 undique
538 1331 747 1403 catervatim
776 1355 998 1403 concursum
1024 1344 1097 1424 est,
1121 1355 1186 1401 ne·

138 1446 246 1541 glecta
270 1446 319 1518 ad
344 1462 488 1545 tempus
512 1451 655 1534 Satira,
680 1474 791 1547 quam
818 1464 940 1520 tamen
968 1447 1079 1546 paulo
1104 1462 1187 1546 post

139 1563 412 1659 reprehensam,
432 1578 534 1634 erant
555 1565 619 1661 qui
638 1564 828 1637 comoediis
841 1567 917 1661 jam
934 1564 1089 1663 peractis
1106 1587 1183 1634 non

139 1677 289 1750 absurde
304 1677 564 1751 subnecterem
575 1680 696 1777 (quod
710 1679 804 1754 Galli
820 1683 857 1752 in
877 1662 953 1752 suis
967 1681 1105 1754 Fames
1119 1679 1187 1751 ho·

140 1796 265 1891 dieque
279 1797 432 1893 faciunt)
450 1795 637 1868 Attellanis
650 1813 763 1886 certe,
779 1812 917 1870 mutato
933 1813 1011 1870 tum
1025 1799 1186 1900 primum

142 1914 330 1984 Satirarum
357 1896 520 1985 nomine’
537 1913 575 1984 in
603 1912 777 2003 Exodr'o·²
804 1913 906 2014 quod
931 1914 968 1986 in
997 1929 1184 2016 posterum

142 2032 278 2101 mansit.

179 2153 297 2244 Atque
326 2147 406 2219 haec
434 2148 503 2219 tuit
529 2147 647 2244 prima
673 2161 710 2217 et
734 2147 987 2244 antiquissima
1011 2151 1183 2220 Romanae

142 2264 253 2335 Satirae
266 2264 394 2335 forma.
406 2267 516 2334 Erant
529 2262 679 2360 quidem
691 2262 772 2334 duae
782 2262 871 2353 aliae,
882 2286 962 2361 quae
972 2287 1181 2362 quanquam

142 2384 281 2480 aprima
294 2380 451 2453 multum
462 2379 733 2478 discrepabant,
747 2381 781 2452 ei
795 2395 935 2472 tamen,
949 2383 1052 2478 quasi
1067 2397 1181 2453 enatae

143 2499 367 2595 suffragines,
378 2512 500 2571 ortum
512 2521 621 2567 suum
635 2494 855 2589 referebant,
866 2496 969 2593 quod
981 2520 1091 2593 quam
1105 2494 1183 2568 bre·

142 2616 277 2686 tissime
291 2629 436 2712 potero,
450 2615 521 2708 jam
536 2610 791 2683 confirmatum
806 2610 914 2684 dabo.

180 2736 260 2804 Uno
274 2757 375 2803 anno
384 2745 577 2828 postquam
585 2730 707 2800 Livius
717 2731 850 2827 primas
860 2729 1018 2801 dedisset
1028 2729 1180 2821 fabulas,

141 2865 239 2921 natus
259 2866 314 2922 est
331 2852 368 2920 in
388 2849 486 2920 ltalia
504 2848 661 2919 Ennius:
680 2850 744 2946 qui
761 2873 877 2944 quum
892 2846 1128 2939 adolevisset,
1145 2866 1184 2921 et

138 2968 344 3065 diligentius
356 2965 635 3056 considerasset,
652 2980 878 3062 quantopere
892 2965 942 3035 hu
944 2966 1107 3062 jusmodi
1121 2971 1182 3038 Sa·

138 3087 208 3157 tiris
226 3084 466 3156 delectaretur
478 3080 652 3179 populus,
666 3095 762 3153 recte
776 3095 812 3154 et
828 3081 866 3154 id
879 3082 983 3172 vidit,
997 3099 1182 3179 poemata,

136 3228 211 3300 quae
236 3202 323 3274 licet
344 3224 421 3271 non
447 3198 587 3269 theatro
609 3197 895 3289 destinarentur,
918 3196 1075 3269 sullusos
1097 3199 1179 3271 selle

135 3322 222 3390 sales
249 3334 286 3391 et
312 3316 463 3388 dicteria
488 3315 685 3385 Satirarum
710 3313 893 3385 mordacia
921 3330 1178 3389 conservarent

135 3449 271 3525 tamen,
297 3457 373 3504 non
399 3455 505 3528 posse
531 3453 606 3501 non
627 3428 771 3526 ‘placere
795 3428 946 3526 populo.
972 3429 1177 3503 Periculum

135 3552 232 3638 lecit3
251 3549 367 3622 edidit
389 3551 577 3620 Sermones
599 3570 691 3642 quos
712 3547 843 3617 Satires
865 3561 1005 3617 serrato
1023 3550 1175 3645 antiquo

136 3664 498 3764 nomineappellavit.
507 3663 663 3734 Eranthi
675 3678 861 3735 sermones
871 3663 1178 3762 Horatiani,qu0d

134 3785 178 3855 ad
189 3796 448 3880 argumentum
459 3797 495 3853 et
509 3781 715 3852 varietatem
732 3807 853 3852 rerum
868 3806 933 3878 per
946 3783 1070 3853 omnia
1080 3785 1179 3855 simi-

136 3901 184 3972 les
196 3928 204 3970 :
217 3897 949 3995 eacepto,quod,Enniusadquorumdam
958 3903 1178 3993 Graecorum,
