2664 5242
404 400 496 467 nin.
523 401 558 487 1,
582 398 678 470 sar.
705 400 753 467 tt.
951 470 954 475 ,
1057 426 1098 470 21

50 538 141 607 Huic
157 538 185 606 si
202 537 352 607 mutonis
368 538 479 607 verbis
496 535 584 606 mala
602 553 693 607 tanta
715 537 859 606 videntis

51 659 192 727 Diceret
204 657 275 726 haec
289 658 440 727 animus:
455 657 575 746 «Quid
591 658 641 726 vis
654 658 738 726 tibi?
752 656 915 750 numquid
928 682 992 752 ego
1007 684 1024 726 a
1041 673 1073 727 tc

53 779 213 871 «Magno
226 791 431 870 prognatum
446 776 591 869 deposco
605 773 740 846 consule
753 798 915 861 cunnum,
1068 796 1105 849 '1⁰

51 924 71 959 α
84 893 309 988 velatumque
322 892 425 983 stola,
438 919 513 963 mea
526 919 628 988 quum
643 893 833 963 conferbuit
848 893 922 961 ira?
934 923 953 956 s

52 1011 146 1101 Quid
159 1011 402 1106 responderet?
413 1015 567 1108 «Magno
581 1028 676 1107 patre
691 1027 769 1080 nata
782 1008 891 1104 puella
907 1026 967 1080 est.
982 1040 1001 1075 n

55 1136 98 1203 At
113 1147 241 1226 quanto
257 1131 399 1201 meliora
415 1147 531 1200 monet
548 1131 798 1225 pugnantiaque
815 1129 886 1198 istis

54 1253 158 1320 Dives
176 1250 252 1343 opis
268 1265 389 1319 natura
403 1274 489 1334 suae,
505 1250 533 1318 si
549 1263 586 1317 tu
603 1248 706 1317 rnodo
723 1262 814 1317 recte

55 1369 260 1462 Dispensare
278 1367 377 1456 velis,
394 1392 434 1437 ac
453 1394 520 1437 non
541 1366 699 1463 fugienda
717 1365 870 1460 petendis
1070 1363 1107 1436 75

55 1482 266 1554 Immiscere!
284 1487 359 1554 Tuo
374 1487 457 1555 vitio
473 1510 631 1554 rerumne
649 1483 797 1571 labores,

57 1600 111 1671 Nil
128 1602 257 1671 referre
274 1603 392 1697 putas?
408 1628 527 1697 quare,
545 1629 587 1671 no
605 1604 766 1697 poeniteat
784 1618 834 1688 te3

57 1723 182 1791 Desine
199 1737 372 1791 matronas
390 1722 565 1810 securior,
585 1721 674 1795 unde
693 1720 817 1791 laboris

60 1941 243 2012 En-usque
255 1957 386 2011 superque
403 1943 488 2008 Quam
505 1944 568 1993 satis
642 1953 683 1993 ta.
700 1940 1108 2010 Qua'sirrspondmt‚Villiussci-

58 2037 106 2088 ert,
119 2043 201 2094 usqne
211 2043 254 2089 oo,
271 2025 349 2077 ᾶοηω
364 2026 424 2076 satis
442 2042 565 2094 superque
604 2024 661 2075 licet
673 2025 715 2075 tali
727 2024 925 2092 interpellatione
936 2044 995 2077 sane
1007 2035 1108 2092 pertur-

58 2109 209 2178 cst.-fhn
220 2123 267 2177 pto
279 2107 416 2175 vulgariore
426 2129 432 2159 ι
438 2107 566 2179 finitum
602 2109 683 2159 batus.
693 2108 880 2175 Eo.-ll{agno
886 2120 971 2178 patre,
982 2108 1111 2161 etc.Villii

59 2195 178 2263 ezempln,
189 2192 308 2262 ubifim's
324 2192 350 2242 in
360 2193 478 2260 singulari
490 2193 563 2261 poni—
603 2192 655 2243 hac
675 2201 713 2242 est
734 2193 867 2258 responsio.
889 2191 936 2243 En.
951 2222 984 2231 —
1000 2192 1107 2262 puella,

62 2288 109 2337 tar,
119 2278 178 2329 ride
188 2278 214 2328 in
225 2275 333 2327 lexicis.
602 2281 702 2336 Fausta,
711 2294 773 2328 uxor
780 2276 883 2329 Milonis
891 2297 897 2343 ς
904 2278 996 2347 pirella
1003 2287 1028 2328 et
1035 2278 1111 2345 virgo

91 2372 136 2413 88.
156 2360 230 2410 Huic
251 2359 290 2418 si,
314 2368 362 2409 etc.
381 2356 450 2409 Ordo
470 2367 524 2408 est:
544 2358 566 2408 si
604 2361 1108 2428 passim‹lcuxorilrus,rid.supr.ad0tl.

61 2443 154 2495 animus
161 2431 273 2495 mutonis
279 2440 413 2510 (mentula)
423 2450 493 2494 tanta
504 2440 567 2492 mala
603 2445 655 2503 111,
668 2456 711 2505 rt,
726 2456 767 2495 to.
778 2474 809 2483 -
819 2446 895 2495 Drbes
906 2446 959 2514 opis
969 2458 1023 2496 nat.
1041 2462 1107 2505 sreoe,

60 2529 177 2589 ridentis,
190 2528 284 2579 dioerct
296 2527 355 2578 huic
370 2525 469 2593 (Villio)
484 2527 567 2576 verbis
602 2537 628 2577 at
644 2537 737 2595 quanto
756 2527 857 2578 meliora
874 2537 900 2578 ct
918 2528 973 2578 istis
987 2528 1109 2579 contraria

61 2614 123 2675 δας
132 2613 277 2681 provulgari
287 2630 292 2660 :
301 2611 394 2680 quodsi
404 2620 481 2669 muto,
489 2621 566 2661 tanto
602 2610 687 2659 suadet
698 2619 793 2675 natura,
804 2612 864 2661 satis
875 2628 919 2678 per
928 2610 1040 2671 ardisus,
1050 2610 1106 2662 lue.

60 2716 110 2749 nnn
120 2697 241 2750 rnalomm
251 2697 331 2756 testis,
339 2695 516 2748 huchilliutn
525 2694 564 2746 al·
602 2694 661 2744 satis
674 2693 767 2761 puellas
784 2695 968 2761 pulchritudine
981 2705 1006 2746 et
1016 2694 1108 2764 lepori-

58 2779 199 2850 loqueretur
218 2780 259 2831 bis
281 2779 378 2831 verbis:
403 2775 490 2845 Quid,
513 2788 561 2830 etc.
600 2780 646 2828 bus
654 2796 774 2830 exornans
786 2813 794 2837 ,
808 2788 836 2828 ut
850 2779 932 2830 accitis
943 2781 1109 2841 ornamentis,

60 2864 122 2916 Nota
131 2861 562 2932 inexspectatumillamaclepidissi·
601 2862 706 2913 fortuna
722 2862 816 2913 scilicet
826 2863 897 2913 donis
910 2880 957 2913 non
972 2864 1106 2930 indigeant.

60 2963 121 2998 mam
141 2964 200 2999 sane
220 2942 430 3014 prosopopoeiam,
447 2960 495 3012 qua
512 2945 563 3010 jain
601 2945 753 2995 En-situ
764 2942 850 3005 modo,
869 2956 914 2997 etc.
929 2946 991 2996 llum
1004 2957 1030 2997 tu
1044 2957 1110 2999 recte

61 3032 172 3084 nentulae
181 3031 273 3082 dantur
282 3029 363 3093 oculi,
376 3039 404 3081 ut
417 3028 480 3078 mola
490 3028 564 3078 Villii
603 3029 633 3078 iis
648 3037 744 3078 natura
753 3030 842 3095 opibus
854 3029 902 3078 frui
916 3030 991 3092 scias,
1003 3046 1047 3082 nec
1058 3031 1108 3081 mi-

60 3117 154 3180 sideat;
173 3115 286 3176 animus,
300 3112 368 3162 utde
378 3111 431 3161 istis
442 3111 563 3162 malisco·
602 3129 667 3162 sceas
676 3130 766 3180 raquae
775 3112 962 3176 logiondasunt,
971 3113 1107 3183 rebusque

59 3199 115 3265 gitet
124 3211 150 3251 et
159 3212 257 3248 causato
270 3211 355 3246 eorum
368 3204 508 3259 cognoscam
519 3211 566 3244 vox
602 3197 656 3246 sine
668 3196 777 3263 periculo
788 3198 839 3263 poti
850 3207 960 3263 possunt.
977 3197 1023 3247 Eo.

58 3283 164 3352 denique
181 3292 209 3332 ut
228 3280 316 3330 herum
332 3276 472 3345 alloquatur
484 3287 509 3327 et
525 3277 565 3325 in·
642 3290 684 3330 ru.
708 3277 856 3339 Tuovr'trir,
877 3291 923 3331 etc.
943 3280 1009 3331 Num
1022 3300 1107 3349 parurn

58 3375 250 3435 crepse1‚etase
259 3363 390 3414 verberu-
401 3371 426 3412 et
438 3360 565 3411 vulnerum
604 3365 820 3430 interessemus,
836 3374 917 3414 uuum
930 3366 975 3415 tibi
990 3366 1052 3433 ipsi,
1064 3369 1108 3436 qui

59 3451 151 3519 culpam
165 3446 382 3501 amoveat.Eo.-
390 3462 563 3513 magnorum.
604 3447 718 3513 fugienda
738 3448 816 3514 petis,
834 3465 865 3499 an
884 3449 969 3510 rebus,
983 3467 1044 3519 quas
1061 3453 1107 3504 tibi

59 3533 230 3585 Sullascilicet
243 3531 358 3592 dictator,
377 3527 567 3596 proscriptioni·
603 3532 697 3584 oblatas
714 3533 866 3592 contemnis,
887 3532 957 3600 culpa
979 3534 1109 3586 tribuenda

61 3617 103 3668 lius
113 3614 286 3668 ramososvix
295 3623 334 3664 est
343 3622 565 3678 utmoneamquam
603 3614 656 3665 sit?
668 3614 821 3674 sonantem,
833 3632 880 3665 non
893 3633 974 3667 rerum
987 3619 1058 3679 vitio,
1069 3620 1108 3671 la-

60 3700 119 3752 salse
135 3700 200 3752 dicta
218 3700 286 3750 hac:
299 3716 314 3743 s
324 3712 419 3747 cunnus
436 3704 566 3762 prognatus
603 3699 705 3750 borabat
713 3698 820 3763 Villius,
832 3701 875 3766 qui
889 3717 926 3751 res
938 3718 983 3767 per
995 3719 1021 3752 sc
1030 3719 1107 3753 amoe-

61 3800 144 3849 nagm
159 3782 274 3847 consule,
287 3800 301 3827 s
317 3797 363 3846 pro
373 3778 499 3846 simplice:
519 3797 565 3831 no·
604 3798 647 3831 nas
663 3791 689 3832 et
706 3782 735 3831 ad
748 3782 896 3849 voluptatem
914 3793 1001 3835 natura
1013 3795 1108 3851 paratas

62 3867 117 3919 bilis
125 3879 242 3937 matrona.
253 3864 567 3934 Eo.—Velatumq.rtola;
604 3865 741 3931 negligens,
753 3865 961 3932 pulchritudinem
977 3867 1069 3918 scilicet
1083 3878 1108 3918 ot

62 3951 192 4003 stolacoim
199 3960 370 4001 matronarum
377 3947 451 3997 vestis
459 3946 566 3998 erath'n
604 3950 713 4017 lepores,
726 3951 751 3999 in
766 3949 877 4000 amandis
888 3943 977 4016 puellis
992 3948 1108 3999 nobilita-

64 4052 154 4085 —noea
162 4053 243 4106 quum
253 4029 400 4101 conferbuit
411 4029 469 4082 ira?
485 4048 562 4100 quum
604 4043 653 4082 tern
669 4032 764 4097 generis
784 4032 923 4098 expetebat.
937 4031 984 4080 En.
994 4032 1108 4090 -vr'tro,

66 4120 177 4173 incendor
187 4119 301 4171 libidine.
316 4116 364 4167 En.
603 4116 687 4183 culpa,
700 4126 726 4165 ut
739 4116 839 4182 passim.
847 4129 922 4161 —ne
931 4112 1057 4180 poersrieat
1069 4125 1108 4173 te,

932 4205 965 4271 ²8
