2664 5242
135 832 183 905 30
420 830 465 918 Q.
490 831 700 903 HORATII
724 834 902 904 FLACCI

136 995 154 1034 e
168 966 307 1039 Concha
320 964 398 1037 salis
411 970 505 1062 puri,
519 983 554 1037 et
567 984 645 1064 toga
658 994 731 1063 quae
744 968 927 1041 defendere
940 972 1062 1071 frigus,

136 1116 153 1148 s
165 1086 328 1176 Quamvis
341 1109 468 1172 crassa,
482 1101 593 1179 queat.
604 1114 622 1149 s
634 1087 755 1156 Decies
767 1103 907 1158 centena
922 1088 1070 1160 dedisses
1150 1092 1184 1151 15

133 1204 224 1273 Huic
241 1217 360 1297 pareo,
378 1204 492 1297 paucis
508 1220 688 1275 contento:
709 1207 856 1301 quinque
872 1207 991 1278 diebus

136 1322 194 1395 Nil
212 1339 284 1393 erat
301 1324 337 1392 in
354 1320 483 1393 loculis.
503 1325 628 1394 Noctes
645 1322 806 1421 vigilabat
822 1326 865 1395 ad
881 1327 991 1420 ipsum

135 1443 255 1528 Mane3
275 1440 364 1509 diem
382 1455 491 1510 totum
509 1442 680 1510 stertebat.
702 1441 758 1512 Nil
776 1443 840 1513 suit
858 1468 1006 1538 unquam

136 1561 190 1629 Sic
205 1560 316 1655 impar
329 1558 405 1629 sibi.
424 1562 525 1630 Nunc
539 1558 657 1655 aliquis
671 1560 762 1631 dicat
774 1562 877 1631 mihi:
894 1563 1015 1653 «Quid
1031 1565 1089 1634 tu?

137 1708 155 1744 α
169 1677 314 1749 Nullane
326 1678 430 1748 hahes
444 1679 689 1749 vitiaielmmo
702 1677 777 1769 alia,
789 1678 880 1748 haud
891 1678 1033 1749 fortasse
1042 1680 1188 1752 minora.

135 1798 277 1867 Manius
290 1798 461 1865 absentem
475 1794 622 1866 Novium
636 1795 718 1865 dum
732 1813 902 1893 carperet:
914 1801 1030 1868 «Heus
1044 1814 1096 1888 tu,
1106 1828 1129 1919 q
1150 1816 1185 1855 aa

135 2058 210 2111 qaam
231 2056 329 2093 neeesw
348 2049 387 2092 est
407 2049 436 2089 nt
454 2038 578 2091 fulciatur.
597 2039 645 2091 llis
681 2038 765 2108 impar
777 2038 841 2097 siti,
858 2039 905 2091 hoe
919 2039 986 2090 idem
1004 2048 1076 2091 sonat
1088 2054 1119 2093 ae
1133 2050 1188 2093 nt

137 2125 229 2177 mensis
239 2123 378 2192 tripedibus
388 2122 523 2174 utebantur
528 2122 644 2184 Romani,
681 2123 791 2175 initiam.
803 2124 852 2175 En.

139 2218 269 2278 antequam
293 2209 395 2260 asiatico
415 2207 474 2258 loru
494 2207 642 2259 laborarent.
726 2219 768 2259 ttt.
791 2208 873 2259 Nune
893 2207 990 2279 altipeta
1008 2205 1082 2261 dicat
1101 2209 1185 2271 maai,

137 2294 186 2345 En.
195 2321 231 2332 -
240 2290 344 2345 &neda
359 2290 432 2342 salis.
451 2290 532 2343 Scbol.
550 2290 643 2359 Porpb'.
682 2290 753 2356 lingit
763 2290 881 2343 Horatius
889 2302 974 2343 emrtra
985 2303 1127 2358 surgentem
1139 2294 1190 2345 ali·

142 2376 322 2446 «Pauperiores
332 2376 359 2427 in
370 2375 465 2427 marina
473 2374 646 2427 conehasalem
681 2392 753 2444 quem
763 2377 853 2429 dicere.
865 2377 1108 2440 En-Immealris,
1120 2376 1194 2430 harad

139 2461 226 2515 uitam
236 2460 331 2512 bebere
341 2458 436 2521 solent,
454 2476 503 2527 qno
514 2474 569 2509 cum
582 2474 647 2526 pane
671 2458 742 2530 sora
753 2461 866 2520 mairem,
877 2477 926 2511 nen
937 2459 990 2512 haee
1000 2460 1061 2512 vitia
1069 2461 1190 2527 Tigellii,

138 2554 277 2597 vescantur.
293 2562 306 2590 a
325 2542 433 2594 Ditiones
458 2552 539 2593 sutem
560 2542 648 2595 salinis
684 2532 759 2596 immo
779 2544 826 2597 alia
847 2546 941 2612 babeo,
962 2562 1006 2597 neo
1025 2546 1191 2599 sortasse'l'i-

123 2684 128 2691 ,
139 2627 262 2695 argenteis
269 2627 308 2680 rel
316 2626 398 2679 aureis
410 2627 551 2679 utebantur.
561 2626 648 2678 En—
682 2627 749 2694 gellii
760 2628 829 2680 vitiis
839 2628 940 2681 leviora.
949 2658 984 2669 -
993 2630 1043 2681 Pru
1054 2628 1188 2700 baudjdn

136 2711 210 2785 purr',
221 2710 321 2779 integri,
333 2711 497 2763 sinceri-et
507 2724 565 2781 toga
574 2728 645 2783 quoe,
683 2725 749 2763 tasse
766 2712 792 2764 in
804 2715 890 2782 priscis
902 2715 1054 2767 editionibus
1067 2715 1159 2784 legitur
1170 2730 1195 2769 et

139 2805 187 2851 ete.
200 2796 297 2863 Vestis,
307 2796 362 2856 sins
370 2797 531 2857 ornamentis,
545 2805 570 2847 et
581 2795 649 2848 erili
675 2794 809 2865 firmem
823 2800 934 2866 primus,
951 2809 979 2849 ut
992 2799 1101 2863 ridetur,
1113 2798 1195 2853 Aldus

139 2880 403 2945 taoaeontecu‚don
420 2881 497 2947 frigus
513 2880 590 2948 possit
606 2894 647 2930 re-
684 2880 814 2932 lllanutins
837 2881 900 2933 banc
925 2882 1054 2935 lectionem
1079 2886 1195 2953 recepit,

139 2967 241 3035 pellere.
255 2964 649 3037 En.—defenderefrr‘gus;de
683 2982 755 3033 quam
782 2966 899 3034 deinceps
925 2968 977 3018 lere
998 2985 1084 3019 omnes
1108 2970 1194 3022 admi·

140 3050 187 3101 bac
201 3049 318 3118 loquendi
336 3050 432 3101 ratione
447 3049 481 3101 ci.
501 3049 532 3099 ad
547 3047 597 3099 Od.
616 3048 646 3111 1,
683 3064 754 3112 sere,
774 3050 901 3102 Bentleius
926 3061 1007 3103 antem
1034 3053 1195 3119 rejiciendam

146 3143 189 3200 tr,
200 3145 225 3185 a.
239 3133 287 3185 En.
684 3135 809 3185 immerito
819 3135 954 3187 contendit.
964 3134 1026 3200 Quis
1038 3136 1102 3187 enim
1116 3137 1196 3190 terret

180 3226 223 3268 ttt.
241 3212 375 3272 Dedisses,
393 3214 415 3265 si
429 3211 649 3276 dedisses,deeies
683 3217 825 3279 bominem,
844 3219 905 3287 qui,
924 3219 983 3287 quia
1002 3219 1064 3271 sitia
1081 3222 1196 3289 quedam

83 3288 90 3299 ¹
142 3296 501 3358 centena,ses'esterrtorun.
515 3297 598 3368 Atque
608 3298 649 3350 bic
683 3302 891 3372 reprehenderat,
907 3305 1086 3371 interrogatus:
1103 3325 1117 3353 a
1130 3308 1197 3358 nul-

141 3383 175 3437 de
185 3383 394 3450 mgnosmtertio
405 3385 493 3450 agitor,
504 3383 569 3452 qnod
582 3380 651 3436 mille
686 3386 746 3437 leste
758 3394 785 3438 tn
803 3387 856 3456 ipse
873 3385 953 3439 babes
965 3385 1051 3439 vrbe?
1061 3408 1075 3436 a
1088 3406 1197 3458 respon·

142 3484 230 3537 panos
239 3468 364 3520 sestertios
373 3478 492 3537 aequaret,
504 3468 538 3519 ita
548 3477 651 3520 ntsnm·
685 3469 772 3520 deret:
795 3471 876 3522 habeo
892 3471 1011 3539 quidem,
1030 3471 1074 3522 sed
1092 3471 1199 3526 tortasse

144 3552 239 3605 maille
251 3552 304 3604 lere
318 3552 349 3603 ad
367 3562 467 3605 centurn
484 3550 563 3602 millia
575 3550 652 3602 libra·
688 3552 719 3603 iis
731 3552 831 3604 leviora.
850 3553 905 3605 Huc
916 3555 1023 3618 accedit,
1036 3556 1101 3625 qnod
1115 3557 1198 3611 liora-

143 3648 348 3691 mmnostrarurn
359 3638 460 3690 rediret.
476 3636 524 3687 En.
537 3635 653 3687 -Iius’e
688 3637 737 3687 tius
753 3637 804 3703 jam
825 3654 875 3689 non
894 3638 1018 3704 graviora,
1041 3640 1084 3690 sed
1103 3640 1199 3694 leviora

141 3738 231 3793 pareo,
239 3722 334 3792 pouealr
345 3733 411 3774 cont.
424 3720 546 3787 Tigellio,
563 3734 590 3772 se
607 3720 653 3771 bo-
688 3728 783 3771 tantum
793 3721 854 3772 vitia
863 3719 980 3786 Tigellii,
990 3738 1078 3790 nempe
1087 3723 1200 3775 mutabi-

144 3805 236 3857 minem
251 3822 349 3873 parcum
365 3816 391 3857 et
409 3805 491 3872 paucis
509 3813 650 3857 contentum
687 3803 734 3854 lem
755 3804 865 3856 animum
885 3813 911 3854 et
927 3820 1055 3857 commuue
1072 3806 1198 3874 quoddam

145 3889 219 3943 modo
233 3889 352 3958 ptulesso.
365 3917 402 3928 —
412 3890 531 3960 quinque
543 3886 649 3948 diebus,
686 3899 811 3940 cantorum
825 3888 924 3953 vitium,
935 3889 1037 3940 notant.

145 3982 201 4044 post
216 3973 328 4042 quinque
348 3971 421 4036 dies3
443 3988 488 4039 pro
509 3972 652 4025 brevissimo
724 3982 769 4023 et.
783 3970 915 4030 Maenius,
928 3970 961 4022 ei.
976 3988 1044 4038 supr.
1060 3971 1091 4022 ad
1102 3971 1155 4023 Sat.
1170 3973 1197 4037 1,

144 4056 233 4126 spatio.
247 4054 296 4107 En.
308 4084 343 4093 -
355 4055 464 4113 boulir,
485 4072 609 4108 crumena.
618 4084 654 4095 -
692 4066 737 4108 tot
751 4075 758 4117 ;
769 4056 825 4108 ride
837 4055 912 4106 ctiam
925 4054 1005 4123 Epist.
1017 4056 1049 4123 1,
1063 4067 1112 4120 ttt,
1123 4075 1148 4108 v.
1161 4068 1197 4111 en

145 4140 239 4193 Noctes
246 4138 391 4211 vigilabam
399 4139 431 4190 de
439 4139 480 4190 bis
492 4139 535 4207 qni
544 4139 586 4189 die
594 4138 653 4189 dor·
689 4156 742 4210 sqq.
752 4140 797 4191 ubi
806 4140 877 4207 plura
886 4140 917 4190 de
926 4140 972 4190 boc
981 4139 1082 4190 bomine
1091 4156 1199 4209 nequam

146 4224 244 4286 nient,
258 4233 330 4275 noctu
339 4222 481 4289 vigilantes,
500 4222 591 4274 Seneca
602 4221 650 4290 Ep.
690 4225 815 4294 reperias,
828 4224 1132 4292 amatamque-praesertim
1144 4225 1200 4291 ejus

148 4320 215 4363 tw:
228 4328 241 4355 s
254 4319 311 4361 sunt
321 4308 347 4359 in
357 4308 441 4360 cadem
455 4307 518 4359 urbe
526 4307 654 4375 antipodes
689 4306 808 4360 malitiam
821 4326 845 4359 r.
856 4318 905 4359 29:
920 4307 1063 4376 «quelibet
1072 4308 1098 4359 in
1110 4324 1200 4377 que·-

145 4395 202 4466 qni,
211 4393 347 4448 uttttareus
353 4392 415 4445 Cato
423 4392 468 4451 ait,
480 4409 525 4443 nee
533 4391 653 4444 orientem
688 4393 726 4445 ris
734 4392 866 4461 opprobria
878 4393 970 4458 lingere
981 4407 1066 4441 maus.
1080 4411 1095 4438 a
1104 4390 1153 4443 En.
1161 4420 1200 4431 -

147 4478 475 4551 nnqmmsolemviderunt,
488 4494 534 4527 nee
542 4475 654 4529 ocetden-
689 4477 819 4541 Novr'um5
848 4477 889 4529 bie
914 4492 1011 4545 quoque
1032 4473 1106 4527 bomo
1127 4476 1199 4527 mue

148 4575 206 4618 tem.
218 4584 233 4615 s
249 4561 399 4615 tte-tat
407 4560 465 4629 suit
482 4576 598 4632 utiquam
616 4562 654 4612 sie
691 4568 755 4612 nota
772 4560 835 4626 luit,
847 4575 987 4629 quanquam
997 4558 1129 4623 sitionrnr,
1142 4560 1199 4629 qui-
