2664 5242
428 371 621 442 sartan
645 372 886 444 sonatan.
1115 375 1182 470 xvij
1297 417 1300 421 ·

155 507 257 604 ipsum
270 503 638 604 quoqueabantiqua
651 504 832 602 originem
841 504 1116 606 duxit,tempus
1128 525 1184 582 est

150 621 325 696 accedere:
338 620 1182 720 eaestquaeappellaturSatiraVaarom'anavel

147 737 472 838 MemPpeasquod
486 738 626 838 primus
638 739 718 834 ejus
731 752 859 810 auctor
872 753 965 812 esset
975 743 1103 831 Varro,
1113 743 1183 813 Ro-

144 878 329 927 manorum
342 853 590 944 doctissimus,
602 852 775 951 quodque
787 854 825 925 in
840 877 885 926 eo
895 879 1007 953 opere
1019 857 1183 955 Menippi

143 970 367 1063 Gadarenais‚
381 969 592 1070 philosophi
606 970 749 1067 Cynici,
768 993 887 1063 mores
901 970 1059 1045 imitatus
1075 987 1181 1045 esset.

179 1094 255 1163 Neo
268 1088 349 1162 sola
360 1091 565 1162 carminum
579 1088 750 1159 varietate
766 1088 877 1160 mixta
896 1103 951 1161 est
970 1090 1036 1161 ista
1053 1091 1183 1182 Satira;

141 1207 246 1278 Varro
259 1187 577 1303 ei‘interposuerat
590 1227 737 1302 prosam
744 1196 963 1297 orationem,
973 1208 1182 1304 promiscuo

140 1322 241 1394 etiam
258 1346 330 1394 usu
347 1323 462 1396 Graeci
479 1337 517 1395 et
531 1322 651 1395 Latini
668 1324 860 1395 sermonis.
874 1322 1121 1410 Quintilianus
1134 1325 1183 1399 de

140 1438 263 1511 Lucilii
283 1439 397 1512 Satira
415 1438 591 1537 loquutus
609 1437 733 1509 addit:
746 1437 936 1510 «Alterum
953 1437 1047 1510 illud
1069 1455 1124 1512 est
1145 1455 1183 1514 et

141 1556 234 1655 prius
249 1557 375 1630 Satirae
390 1582 523 1652 genus,
543 1557 646 1656 quod
665 1581 742 1629 non
763 1557 881 1661 solum
899 1559 1103 1630 carminum
1123 1583 1183 1632 va·

141 1675 259 1747 rietate
275 1674 431 1746 mixtum
448 1674 616 1747 condidit
632 1674 821 1746 Terentius
835 1678 969 1765 Varro,
983 1676 1039 1747 vir
1054 1680 1183 1748 Roma·

141 1816 269 1863 nomm
293 1791 575 1881 eruditissimus;
592 1822 610 1859 a
634 1792 737 1888 cujus
758 1791 832 1865 loci
858 1793 965 1864 unica
986 1790 1182 1866 difficultas

141 1912 169 1983 iu
198 1935 244 1985 eo
270 1912 390 2010 posita
413 1927 485 2003 est,
509 1911 610 2009 quod
636 1910 790 1983 affirmet
815 1911 1063 1999 Quintilianus
1086 1911 1183 1986 hane

140 2030 286 2100 Satiram
320 2027 582 2100 Varronianam
613 2027 722 2100 luisse
758 2027 928 2126 priorem.
962 2030 1046 2114 Quo
1080 2029 1181 2100 enim

140 2161 237 2244 pacto
252 2145 347 2218 illud
360 2144 439 2218 lieri
455 2145 595 2244 potuit,
612 2170 728 2244 quum
748 2159 850 2218 aetate
867 2143 984 2216 multo
1000 2146 1182 2242 posterior
1209 2227 1217 2244 .

140 2263 272 2336 Lucilio
301 2263 409 2358 fuerit
430 2254 566 2336 Varro?
589 2277 626 2334 at
647 2263 798 2336 Satiram
820 2263 993 2334 Varronis
1017 2277 1181 2360 tempore

140 2383 292 2479 priorem
319 2381 449 2474 luisse,
471 2405 512 2453 ea
534 2405 620 2453 vero
641 2405 718 2453 nou
742 2396 796 2453 est
816 2380 1034 2470 Quintiliani
1055 2406 1180 2473 mens,

140 2502 270 2599 quippe
285 2496 352 2599 qui
369 2499 484 2597 probe
504 2502 614 2573 sciret
633 2525 713 2573 eam
731 2500 856 2572 multis
874 2500 981 2572 anuis
1001 2499 1110 2571 luisse
1124 2523 1183 2571 re-

141 2619 345 2690 centiorem.
362 2617 402 2689 ld
416 2616 550 2709 voluit,
565 2618 715 2689 Satiram
727 2616 824 2687 hanc
837 2617 886 2686 ita
904 2617 1052 2686 mixtam
1067 2617 1181 2712 magis

140 2736 371 2833 compositam
391 2759 469 2807 esse
485 2735 534 2807 ad
547 2736 656 2806 Ennii
673 2750 710 2807 et
725 2734 887 2825 Pacuvii,
908 2735 973 2830 qui
996 2736 1035 2805 in
1057 2736 1180 2806 Satiris
1306 2762 1312 2776 ·

139 2856 206 2925 suis
231 2853 347 2924 multa
371 2852 442 2924 sibi
469 2851 579 2924 licere
604 2842 820 2943 uoluerunt,
847 2876 957 2950 quam
981 2852 1028 2924 ad
1052 2854 1180 2925 Lucilii

111 3067 112 3071 Ἰ
139 2969 359 3067 exemplum,
374 2969 438 3066 qui
456 2993 575 3040 musas
589 2967 704 3041 coluit
717 2969 925 3040 severiores.

179 3087 275 3160 Nihil
291 3086 400 3159 nobis
416 3101 525 3158 restat
540 3086 652 3158 hodie
666 3112 710 3158 ex
719 3088 891 3158 Varronis
905 3087 1040 3177 Satiris,
1052 3102 1180 3184 praeter

137 3205 332 3299 fragmenta
352 3200 535 3299 quaedam,
550 3226 663 3299 eaque
681 3203 872 3272 maximam
894 3217 1033 3299 partem
1054 3227 1179 3274 corru-

135 3321 312 3416 ptissima3
331 3316 543 3414 titulosque,
560 3342 717 3414 quorum
732 3317 880 3415 plurimi
896 3332 982 3389 sunt
998 3317 1179 3416 duplices

136 3437 195 3532 qui
212 3433 352 3505 iudicio
369 3447 477 3524 sunt,
494 3446 630 3529 quanta
651 3448 745 3505 esset
765 3434 913 3504 varietas
930 3427 1178 3526 materiariam,

136 3578 220 3650 quas
232 3558 347 3624 Varro
365 3550 440 3623 illic
457 3565 680 3623 tractaverat.

180 3676 325 3745 Senecae
342 3669 710 3769 Apoeolocynthosis,
728 3669 843 3741 Boetii
861 3668 907 3741 de
920 3666 1177 3739 Consolatione

135 3785 373 3885 Philosophiae
397 3784 562 3874 libellus,
590 3801 627 3857 et
650 3786 809 3858 Petronii
834 3784 965 3856 Arbitri
990 3785 1176 3881 Satyricou

136 3920 217 3976 sunt
232 3904 355 3975 Satirae
368 3904 601 3976 Varroniauis
616 3903 770 3976 omnino
785 3900 932 3973 similes.
