2664 5242
176 380 1186 438 „mmm-mmmmm

308 621 374 689 DE
398 620 611 691 ORlGlNE
634 622 694 690 ET
718 624 1005 700 PROGRESSU

255 837 601 969 sarran
656 844 1080 1022 nonaum,

259 1138 260 1142 =
340 1121 387 1168 nr
404 1119 501 1182 Quis
517 1110 768 1179 nurtrrortns
786 1127 978 1177 scemam.

196 1542 341 1635 Hosion
352 1570 489 1637 satiras
501 1563 648 1637 duobus
663 1563 765 1674 libris
780 1567 1072 1665 comprehensas,
1086 1596 1187 1648 nunc

157 1699 331 1773 terniones,
359 1708 460 1755 nuuc
476 1674 626 1772 satiras,
645 1683 750 1756 nullo
769 1684 979 1758 discrimine
994 1688 1188 1786 appellavit

156 1797 229 1896 ipse,
243 1826 371 1873 verum
385 1826 501 1899 quum
514 1799 619 1874 ideas
631 1801 751 1874 modis
765 1801 985 1900 quibusdam
998 1804 1187 1881 distinctas

153 1920 258 1993 animo
273 1936 536 2018 repraesentent
554 1946 596 1993 ea
611 1919 805 2012 vocabula,
826 1945 944 2020 operae
961 1912 1120 2020 pretium
1134 1926 1185 1998 la·

150 2053 259 2112 ctums
277 2039 422 2129 videor,
441 2041 489 2130 si,
506 2039 596 2137 quid
617 2039 758 2136 antiqui
778 2041 933 2111 Romani
953 2065 1017 2137 per
1030 2047 1186 2115 satiram

148 2154 392 2247 intellexerint,
407 2155 755 2253 exponaml'rimus
769 2154 1001 2228 doctissimus
1010 2159 1186 2230 Casaubo

146 2289 334 2371 nus,atque
343 2273 436 2346 adeo
448 2274 549 2348 solus
563 2275 601 2346 in
615 2299 661 2348 co
675 2275 827 2349 feliciter
839 2299 987 2374 operam
1000 2279 1135 2374 posuit,
1144 2294 1185 2351 ut

145 2387 400 2462 demonstraret
413 2416 494 2488 quae
511 2407 547 2463 et
560 2390 677 2489 qualis
691 2408 785 2465 esset
803 2395 923 2489 poesis
940 2393 1081 2465 satirica
1092 2395 1184 2466 Grae

143 2531 272 2599 corum,
287 2532 368 2604 quae
387 2509 494 2580 satira
511 2513 770 2581 Romanorum.
786 2512 847 2578 Est
863 2507 924 2578 ille
940 2506 1033 2594 liber
1044 2509 1184 2605 quanti·

141 2628 183 2697 ris
200 2626 328 2725 pretii3
347 2649 416 2697 nec
434 2623 593 2696 diffiteor
610 2647 670 2696 me
690 2622 776 2694 inde
797 2622 997 2721 plurimum
1015 2623 1182 2720 adjutum

110 2756 112 2761 ’
140 2743 250 2816 luisse.

178 2863 244 2933 Hic
263 2864 364 2933 enim
383 2876 438 2932 est
455 2859 609 2947 fructus,
628 2881 738 2956 quem
754 2882 797 2929 ex
812 2858 1066 2930 excellentium
1082 2861 1177 2930 viro-

137 3003 211 3049 rum
228 2976 418 3051 laboribus
441 2977 626 3074 percipere
648 2973 846 3046 debemus:
872 2975 936 3072 qui
961 2974 1046 3047 ideo
1069 2976 1177 3049 nobis

135 3096 365 3195 praeiverunt,
386 3108 425 3164 ut
446 3095 483 3163 in
503 3091 626 3188 spissis
644 3090 868 3187 antiquitatis
885 3088 1045 3162 tenebris
1062 3091 1176 3166 lacem

135 3212 412 3287 succedentibus
427 3210 646 3309 praeferrent.
668 3215 747 3280 Non
771 3211 948 3282 tamenin
970 3212 1173 3309 superiores

134 3335 177 3405 ita
196 3334 295 3406 oculi
316 3330 516 3428 deligendi,
537 3343 577 3400 ut
596 3328 753 3427 propriis
771 3328 952 3425 gressibus
971 3353 1046 3400 non
1064 3332 1172 3403 etiam

93 3479 102 3539 μ
132 3451 377 3525 attendamus:
392 3475 457 3548 per
471 3447 549 3520 illas
564 3449 663 3519 enim
680 3445 856 3518 incedunt
868 3446 1055 3545 aliquanto
1067 3449 1173 3521 semi·

133 3585 193 3661 tae,
204 3567 388 3665 inquibus
401 3591 476 3639 non
490 3580 611 3638 tutum
624 3566 672 3637 sit
683 3588 745 3636 eos
757 3565 876 3663 sequi:
891 3564 928 3636 id
942 3565 1043 3662 quod
1057 3582 1093 3639 et
1104 3593 1171 3664 ego

133 3688 191 3760 bic
207 3689 301 3775 cavi,
320 3710 413 3784 saepe
425 3686 500 3757 vias
508 3708 641 3781 parum
656 3683 756 3755 tritas
772 3694 963 3780 sequutus,
979 3684 1069 3755 utin
1085 3710 1171 3783 pro·

133 3829 253 3898 gressu
271 3801 419 3900 patebit.
1002 3875 1011 3888 ‚

182 3927 242 3993 Est
271 3936 393 3993 autern
419 3920 531 3992 Satira
557 3917 721 4016 quaedum
749 3942 900 4014 poeseos
928 3921 1065 4016 species
1094 3920 1173 3993 aliis
1250 3958 1255 3965 ·

205 4059 260 4095 ιοι.
277 4059 304 4092 ιι.
1004 4062 1029 4104 α
