2664 5242
431 363 622 447 saints
646 374 889 445 ROMANAE
995 459 1001 471 Ι
1128 376 1184 444 iix

83 500 103 564 ¹3¹
169 507 201 580 ad
217 536 266 605 ea,
288 536 368 611 quae
392 526 480 585 ante
504 537 547 586 ea
570 510 617 586 de
640 535 680 584 re
705 511 905 611 protulerat
928 510 1184 585 celeberrimus

83 613 100 677 ’l
164 629 308 726 Criticus,
317 628 507 730 descriptis
522 654 656 727 magno
672 655 757 703 cum
770 630 911 727 judicio
926 631 1084 704 duorum
1099 655 1186 730 poe·

83 745 86 772 ¹
158 761 272 817 natum
286 747 451 844 quinque
466 761 530 818 aut
545 771 608 818 sex
622 744 896 819 discriminibus
910 747 1185 845 insignioribus,

151 863 258 962 quasi
269 863 395 935 videre
407 864 544 962 cupias,
555 869 743 937 auctorem
754 863 826 935 adi.
839 863 934 935 Nihil
946 890 1107 962 unquam
1119 865 1187 936 luit
1241 925 1246 933 .

145 979 233 1078 apud
244 983 391 1053 Giaecos
400 984 573 1053 Romanae
584 980 708 1052 Satirae
720 977 920 1051 finitimum
929 995 1058 1077 praeter
1068 979 1185 1072 Silius,

141 1097 287 1170 mordax
304 1079 439 1197 nempe
459 1097 637 1195 poematis
653 1121 790 1194 genus,
802 1096 904 1196 quod
918 1122 963 1200 ⁶¹.
976 1098 1186 1195 fragmentis
1236 1108 1240 1116 '

137 1214 311 1289 Sillorum
325 1221 490 1290 sumone
507 1215 611 1290 facile
631 1213 755 1314 colligi
774 1230 915 1314 potest3
935 1230 972 1288 at
985 1215 1059 1288 hoc
1075 1216 1187 1288 inter·

135 1348 228 1425 erat,
250 1331 355 1431 quod
374 1329 459 1405 Si'llr'
480 1335 691 1406 Graecorum
712 1357 821 1405 merae
842 1345 965 1406 essent
984 1329 1184 1420 Parodr'ae,

133 1448 239 1548 quod-
249 1448 297 1520 de
312 1451 477 1520 Romana
489 1448 604 1521 Satira
621 1449 696 1522 dici
714 1449 862 1546 nequit,
882 1446 946 1519 ubi
962 1446 993 1520 si
1010 1446 1104 1519 sorte
1120 1444 1186 1518 ali·

132 1564 285 1664 quando
297 1565 339 1636 in
347 1562 559 1662 parodiam
573 1564 729 1656 incidas,
744 1563 886 1658 ridebis
903 1579 1025 1637 tamen
1042 1576 1189 1661 poetam

133 1684 289 1773 cavisse,
303 1706 353 1754 ne
371 1681 594 1755 abuteretur.
616 1682 722 1755 Unde
735 1682 851 1779 liquet
867 1680 1027 1780 pamdiis
1044 1693 1189 1752 natura·

134 1800 209 1872 lein
223 1825 302 1871 esse
316 1801 356 1870 in
371 1798 468 1871 Sillis
482 1799 627 1892 sedem,
641 1824 719 1871 non
734 1800 823 1872 item
838 1800 877 1870 in
890 1799 1025 1871 Satiris.

186 1916 357 2014 Exposita
372 1916 521 1988 tandem
535 1931 683 2007 natura,
700 1917 842 2012 origine
859 1931 895 1988 et
914 1941 1106 2015 progressu
1125 1919 1187 1987 Sa·

136 2037 234 2124 tirae,
249 2059 366 2132 psum
386 2034 432 2106 de
452 2035 534 2133 ipso
550 2035 701 2107 Horatio
719 2034 810 2106 mibi
825 2049 913 2106 sunt
931 2034 1106 2126 dicenda,
1125 2033 1190 2130 qui

135 2151 288 2249 quidem
304 2152 424 2251 qualis
441 2153 479 2224 in
496 2153 570 2225 hoc
585 2177 697 2252 opere
712 2149 777 2244 sit',
795 2178 872 2225 non
891 2169 1012 2252 potest
1028 2177 1191 2226 commo·

136 2269 223 2339 dius
250 2269 516 2359 demonstrari,
543 2272 705 2369 quamsi
725 2270 1037 2343 eumSilenorum
1062 2269 1190 2341 statuis

138 2411 349 2484 compares,
365 2386 501 2484 quibus
519 2387 723 2461 Alcibiades
740 2389 781 2460 in
798 2389 989 2486 Symposio
1007 2392 1192 2460 Socratem

139 2521 348 2603 compunt,
370 2530 453 2603 quae
475 2506 568 2579 nihil
589 2521 689 2578 extra
709 2505 892 2577 habebant
911 2505 1075 2604 pulchri,
1099 2502 1192 2575 nibil

140 2623 279 2711 omati3
298 2637 336 2694 at
352 2623 384 2693 si
400 2622 479 2693 illas
496 2623 718 2720 aperuisses,
736 2623 904 2694 omnium
921 2627 1083 2693 Deorum
1099 2624 1192 2690 Dea·

140 2764 296 2837 rumque
314 2740 491 2834 imagines
510 2739 715 2812 detexisses.
728 2740 782 2811 Ad
800 2765 885 2811 cuin
903 2740 1055 2812 modum
1072 2764 1112 2811 se
1126 2762 1193 2810 no-

141 2855 200 2926 bis
222 2854 371 2926 exbibet
392 2856 431 2926 in
455 2857 579 2928 Satiris
601 2858 791 2947 Horatius,
814 2854 908 2927 nihil
931 2882 1102 2952 magnum
1119 2880 1194 2954 prae

142 2998 182 3043 se
205 2973 292 3063 sert,
315 2972 419 3069 quod
440 2997 508 3045 nos
530 2972 695 3045 detinere
716 2972 869 3044 debeat:
887 2973 1033 3068 dignior
1052 2973 1194 3044 videtur

143 3115 221 3160 esse
228 3092 324 3187 ,qni
346 3090 470 3188 pueris
491 3105 644 3180 teratur,
665 3116 776 3188 quain
788 3093 859 3194 qui
880 3093 977 3164 viros
996 3106 1193 3189 occupatos

144 3224 287 3298 teneat3
312 3210 378 3281 sed
401 3211 562 3308 seposito
585 3209 686 3300 velo,
711 3225 749 3281 et
775 3210 924 3283 Horatio
946 3211 1107 3308 penitius
1133 3210 1192 3280 in·

144 3344 285 3423 specto,
298 3328 469 3399 omnium
486 3325 585 3399 illico
602 3327 779 3399 Diuorum
797 3352 875 3398 sese
891 3327 1030 3399 oculis
1021 3341 1194 3423 ingerunt

145 3444 342 3539 imagines,
361 3441 435 3514 hoc
454 3457 530 3532 est,
548 3467 678 3514 omnes
694 3444 864 3534 virtutes,
882 3442 930 3514 ad
945 3468 1034 3540 quas
1050 3443 1195 3515 assidue

145 3559 339 3632 exercendi
355 3575 443 3631 sunt
448 3561 543 3658 ,qui
560 3562 657 3632 vitiis
674 3562 750 3632 suis
766 3562 991 3658 corrigendis
1009 3563 1103 3634 serio
1120 3576 1196 3633 stu·

146 3677 248 3749 dent.
260 3680 427 3750 Exterius
439 3678 542 3750 illum
554 3679 742 3778 adspicere
755 3696 921 3753 contenti
911 3680 1086 3753 antchac
1096 3681 1196 3750 suere

148 3797 216 3865 viri
229 3796 341 3885 docti,
356 3822 476 3895 neque
490 3824 641 3897 possum
659 3823 736 3870 non
752 3801 874 3871 mirari
886 3801 1029 3888 satiras,
1042 3823 1131 3896 quas
1143 3813 1196 3867 to·

150 3914 216 3982 ties
227 3911 393 4007 legerunt
406 3912 1195 4013 pervolvemntque,parumadmodumabiis
