2664 5242
465 396 557 465 bili.
582 396 616 486 1,
639 396 737 466 stt.
763 396 832 466 111.
1127 393 1174 489 '37

150 533 253 627 Siquis
266 559 344 603 eum
362 558 512 621 servum,
530 535 681 629 patinam
696 534 754 626 qni
770 530 889 602 tollere
904 534 1013 626 jussus
1136 532 1175 587 8⁰

149 655 278 723 semesos
296 656 405 749 pisces
421 653 640 749 tepidumque
657 650 844 748 ligurrierit
857 654 933 748 jus,

146 773 283 843 inemec
298 770 450 868 suffigat3
467 773 627 843 Labeone
643 772 796 841 insanior
811 771 909 841 inter
965 832 971 845 .

143 892 233 961 Sanos
248 891 390 963 dicatur.
408 895 550 983 Quanto
566 893 632 962 boc
650 891 808 962 furiositrs
826 906 926 985 atque

142 1012 237 1106 llajns
252 1028 428 1107 peccatum
445 1011 514 1083 est!
534 1009 684 1106 paullum
699 1008 842 1104 deliquit
859 1010 1004 1099 amicus,

141 1130 248 1219 [Quod
264 1134 330 1201 nisi
345 1131 528 1219 concedas,
544 1132 692 1201 habeare
707 1130 893 1219 insuavis);
910 1130 1052 1200 acerbus
1136 1129 1175 1186 85

138 1249 237 1320 Odisti
253 1267 290 1321 et
308 1252 413 1347 fugis,
430 1266 468 1322 nt
485 1256 656 1323 Rusonem
676 1250 812 1320 debitor
829 1250 922 1337 aeris3

138 1370 196 1457 Qui
211 1372 295 1459 nisi,
312 1397 416 1465 quum
434 1373 547 1441 tristes
565 1372 689 1441 misero
705 1394 827 1440 venere
844 1366 1020 1455 Calendae,

137 1488 321 1559 Mercedem
339 1506 398 1560 ant
413 1515 569 1560 nummos
586 1488 783 1561 undeunde
800 1490 957 1576 extricat,
973 1512 1104 1557 amaras

138 1609 290 1679 Porrecto
305 1608 427 1705 jugulo
441 1610 614 1699 historias,
631 1611 782 1706 captiuis
798 1624 852 1695 ut,
868 1606 973 1679 audit.

165 1834 204 1876 so.
225 1825 347 1884 Toum,
357 1845 392 1878 se.
405 1828 437 1879 de
452 1846 545 1881 mensa.
554 1857 589 1866 -
599 1830 633 1881 tt-
670 1828 791 1881 riridiore
803 1827 916 1879 oratione
928 1828 983 1895 ipse
992 1841 1093 1894 peccans
1102 1823 1179 1875 indu·

136 1912 264 1979 W,
280 1912 456 1977 degustaverit.
469 1944 505 1952 -
516 1913 635 1966 Labeone
669 1912 788 1965 citnr.·-
801 1909 881 1979 Quod
897 1911 952 1962 rarii
968 1908 1110 1967 concretu,
1131 1908 1179 1959 nisi

138 1996 244 2049 demiror·
256 1996 418 2049 mursam
432 1997 544 2051 dr‘cntrrr.
556 1999 634 2068 lsqui
670 1998 729 2049 buic
737 1996 867 2049 levissimae
875 1997 953 2065 malpoe
964 1996 1082 2062 ignoscas.
1093 1994 1178 2045 En.-

137 2098 221 2133 aerrurn
236 2082 272 2134 ob
289 2082 370 2133 levius
381 2082 497 2134 delictum
515 2081 636 2150 supplicio
670 2082 780 2132 acerbus
786 2078 993 2149 Odbnetsugis,
1004 2090 1097 2139 tu,non
1107 2077 1180 2129 modo

136 2168 203 2217 trucis
215 2167 335 2227 mulctet,
349 2167 415 2219 inter
424 2184 495 2219 sanos
507 2169 635 2229 homines,
672 2183 720 2217 non
734 2166 838 2231 ignoscis
854 2167 947 2225 amieo,
957 2164 1001 2216 sod
1016 2181 1073 2215 earn
1091 2163 1179 2215 aocrbc

137 2249 313 2302 abbominibus
320 2251 376 2300 sani
382 2251 591 2316 judiciilabeone
599 2252 636 2301 in·
670 2249 746 2303 odisti
758 2266 786 2301 ae
798 2250 871 2315 iugis,
882 2260 911 2301 ut
921 2249 1019 2301 debitor
1027 2248 1179 2313 lngitliuso·

136 2334 268 2385 saniorditi
278 2333 364 2385 debet.
378 2332 426 2384 En.
439 2333 527 2387 Utmrn
539 2334 635 2385 intelli·
671 2350 737 2385 nem.
749 2331 840 2383 Em-
848 2333 985 2389 lineorum,
997 2333 1117 2383 famosum
1128 2340 1179 2381 tum

137 2418 219 2483 padua
230 2419 264 2469 ait
273 2418 313 2469 M.
325 2416 450 2469 Antistius
456 2419 554 2483 labeo,
564 2418 635 2468 Prae·
672 2418 925 2482 toeneramremcujus
931 2416 1180 2483 eremitatemquum

136 2505 219 2567 omas,
230 2514 256 2555 et
269 2504 337 2554 lama
346 2500 553 2553 celebratissimus
564 2500 636 2569 (qui,
671 2502 740 2561 dics,
756 2518 806 2569 quo
823 2518 877 2552 sors
895 2510 940 2551 aut
958 2516 1039 2553 usurae
1059 2498 1180 2551 solvende

134 2587 183 2655 qnia
196 2586 275 2638 multa
285 2586 471 2650 contumaciter,
482 2595 509 2636 nt
524 2585 554 2635 ad
573 2586 637 2636 liunc
673 2595 763 2639 essent,
773 2584 890 2643 venisset,
900 2581 1182 2646 nnllaaliaremitigare

135 2670 203 2723 lotum
216 2672 334 2722 observat
345 2680 414 2721 retus
426 2670 582 2736 scholiastes,
591 2670 637 2721 ad·
673 2678 698 2721 et
713 2669 824 2732 elingere
835 2666 1096 2737 mterantdebitores,
1105 2682 1179 2735 quam

134 2768 209 2803 sersus
227 2751 354 2803 Caesarem
372 2752 465 2804 dixerit
485 2753 636 2821 feceritque,
674 2755 728 2805 aiei
743 2755 868 2818 recitanti,
878 2769 939 2822 quas
948 2752 1088 2820 scripserat,
1099 2752 1181 2803 bisto-

133 2837 160 2887 ab
173 2836 292 2891 Horatio,
313 2844 341 2886 ut
358 2834 469 2901 Augusto
487 2835 637 2897 adularetur,
675 2840 724 2890 rias
734 2839 857 2906 patienter
866 2856 940 2890 aures
948 2837 1182 2890 commodarent.-

134 2938 192 2973 nuuc
201 2932 230 2973 ut
242 2921 319 2973 bomo
336 2922 436 2972 insanus
448 2922 562 2972 inductus
573 2921 638 2991 sit;)
677 2923 816 2983 calendae,
838 2924 930 2993 quibus
950 2932 992 2973 ant
1016 2940 1068 2973 sors
1093 2922 1180 2973 innoti

134 3022 160 3057 an
169 3006 232 3058 alius
241 3006 344 3074 quidam
355 3005 430 3058 bomo
444 3006 557 3071 ignobili·
570 3006 638 3057 insa·
673 3008 729 3058 data
738 3046 745 3069 ,
754 3018 798 3058 aut
810 3024 890 3058 usura
905 3024 920 3057 a
934 3006 1080 3058 feneratore
1089 3007 1183 3072 redige·

135 3089 178 3139 aia
185 3090 294 3158 quodam
306 3104 397 3155 genere
409 3098 493 3149 notus,
508 3089 534 3140 id
549 3091 639 3141 ‹locer-
675 3094 781 3157 bantur;
793 3093 851 3144 hinc
860 3094 968 3144 suaviter
976 3094 1057 3142 tristes
1065 3092 1183 3144 dicuntur

134 3173 186 3225 dum
200 3175 231 3226 iis
240 3213 247 3237 ,
256 3190 319 3244 quos
329 3174 356 3224 in
367 3174 407 3224 bis
415 3174 489 3225 rebus
495 3174 639 3239 diligentius
675 3179 768 3228 misem
776 3178 893 3230 debitori.
902 3178 957 3245 qui,
966 3178 1031 3246 quod
1039 3177 1122 3237 debet,
1132 3196 1180 3229 non

135 3258 255 3329 inquirere
264 3260 346 3326 jurat,
357 3258 528 3329 relinquimus.
675 3262 769 3313 solvere
777 3270 864 3330 potest.
875 3260 918 3312 cl.
929 3278 998 3327 supr.
1011 3261 1042 3311 ad
1054 3260 1133 3330 Epod.
1142 3263 1181 3319 ll,

168 3356 209 3396 sa.
221 3346 329 3409 Quanto
338 3343 399 3403 inor,
413 3355 460 3396 etc.
473 3344 573 3411 Quanto
584 3363 638 3398 ma-
676 3355 719 3410 89,
732 3359 819 3399 ¹10.-
828 3344 1000 3397 nisimereed.
1011 3358 1182 3399 outnummos

133 3430 169 3497 jus
183 3448 209 3482 ae
225 3430 346 3481 furiosius
361 3446 434 3498 quarn
451 3441 574 3498 penatum
590 3432 637 3483 do-
676 3428 829 3481 undeunde
844 3431 965 3487 extricat,
979 3431 1026 3482 nisi
1040 3442 1183 3483 autusuras

135 3515 192 3566 atini
209 3514 278 3566 illius
290 3525 329 3565 est
342 3525 466 3582 peecatum
477 3515 537 3575 boc,
551 3532 637 3584 penore
674 3523 715 3565 aut
725 3523 814 3566 sortem
825 3513 1099 3582 undecumquetandem
1107 3533 1182 3582 erpe-

135 3608 183 3650 tum
196 3600 291 3668 dequo
304 3600 371 3650 inira
383 3598 483 3664 dicitur,
493 3601 585 3652 scilicet
596 3618 638 3651 se-
674 3596 712 3647 dit
725 3607 750 3648 et
762 3598 834 3661 cogit.
845 3626 880 3634 —
888 3614 1006 3656 amarus,
1024 3598 1106 3666 inepte
1117 3599 1181 3649 scri-

136 3684 220 3735 reritas
241 3700 299 3747 erga
319 3683 419 3734 amieos.
435 3682 487 3735 Hoc
501 3695 582 3735 autem
597 3701 640 3751 per
676 3681 900 3749 prm-romeu
906 3683 1016 3755 jugulo,
1028 3700 1055 3733 se
1066 3683 1181 3734 occiden-

136 3765 289 3835 hyperbolem
301 3766 499 3835 dietum,quum
512 3784 571 3818 sane
580 3784 639 3817 rm·
674 3767 732 3817 dum
754 3768 825 3836 qnasi
851 3767 950 3818 tradens
972 3768 1101 3832 recitanti3
1123 3784 1180 3818 nam

136 3850 218 3902 delites
242 3852 285 3904 illa
311 3850 406 3902 domini
431 3853 560 3903 severitate
582 3868 640 3917 erga
675 3850 876 3918 maliscriptores
889 3850 979 3919 scripta
996 3867 1040 3902 sua
1058 3850 1184 3903 recitando

137 3937 220 3988 amieos
238 3937 318 3988 molto
340 3936 467 3988 nocentior
484 3938 524 3987 sit
542 3936 590 3987 En.
607 3966 639 3975 -·
676 3952 732 3997 eos,
746 3953 807 4004 quos
820 3952 846 3986 se
859 3936 945 3986 audire
954 3932 1183 4000 eogunt.occriierr

136 4022 250 4087 paullum
267 4019 391 4091 deliquii.
412 4037 457 4086 pm
472 4020 577 4087 vulgari:
594 4042 606 4065 a
619 4024 639 4071 si
675 4020 805 4079 dicuntum
824 4022 856 4073 cl.
872 4022 933 4071 inlr.
948 4020 1018 4087 Epist
1045 4019 1076 4069 ad
1092 4018 1180 4069 Pisa.

138 4106 246 4157 animm.
254 4107 298 4174 qui
308 4103 529 4172 murlurmdeliquit.
537 4105 638 4154 calisti.»
679 4116 728 4157 ⁴75
740 4125 745 4153 ς
760 4126 772 4147 ι
784 4103 863 4169 Quem
873 4122 930 4155 erro
942 4104 1058 4169 arripuit,
1070 4114 1134 4154 tenet
1144 4122 1186 4155 ιχ.

979 4193 1036 4263 <55⁵
