2664 5242
475 391 567 459 mn.
596 394 627 479 1,
652 393 748 462 sna.
775 393 824 465 11.
1129 393 1175 465 25

155 530 264 615 cantat,
277 542 311 595 et
322 527 482 621 apponit:
496 556 514 591 α
526 530 623 597 Meus
636 544 686 599 est
698 555 795 599 amor
806 531 886 601 buic
900 531 1035 623 similis3
1051 557 1130 601 nam

154 641 356 712 «Transvolat
368 643 404 711 in
419 641 531 712 medio
544 645 669 737 posita,
683 661 717 715 et
730 645 893 742 fugientia
905 666 1029 746 captat
1043 680 1060 716 o

147 762 263 830 Hiscine
278 760 447 831 versiculis
460 787 574 856 speras
587 764 650 832 tibi
663 789 760 858 posse
775 764 908 837 dolores

142 882 237 972 Atque
248 894 346 948 aestus
358 904 520 973 curasque
531 898 829 976 gravesepectore
841 883 933 955 tolli?
1120 904 1174 942 ¹¹0

142 998 265 1086 Nonne,
278 998 490 1093 cupidinibus
504 1015 627 1070 statuat
641 1016 761 1071 natura
772 1003 910 1073 modum
924 1030 1039 1098 quem,

140 1114 219 1205 Quid
233 1115 358 1207 latura,
372 1117 437 1188 sibi
453 1118 535 1212 quid
548 1119 593 1189 sit
606 1118 752 1191 dolitura
767 1138 942 1219 negatum,

137 1237 287 1325 Quaerere
300 1234 374 1330 plus
386 1236 522 1330 prodest
534 1252 568 1307 et
579 1238 679 1308 inane
691 1239 888 1311 abscindere
899 1239 1017 1310 soldot

136 1357 216 1425 Num
230 1356 309 1443 tibi,
322 1380 426 1450 quum
440 1356 551 1426 fauces
565 1357 633 1426 urit
644 1358 733 1447 sitis,
747 1382 849 1427 aurea
860 1360 979 1453 quaeris

135 1469 270 1541 Pocula?
286 1496 366 1540 num
381 1474 530 1543 esuriens
544 1470 673 1543 fastidis
687 1474 802 1544 omnia
814 1491 936 1569 praeter
1121 1472 1176 1531 ¹¹⁵

135 1593 296 1659 Pavonem
304 1589 566 1685 rhombumque?
575 1593 883 1687 tumenttibiquum
891 1592 1178 1688 inguina,num‚si

135 1709 273 1800 Ancilla,
287 1727 345 1779 aut
357 1735 461 1781 verna
474 1726 524 1780 est
537 1726 659 1805 praesto
672 1736 766 1805 puer,
779 1714 922 1808 impetus
936 1715 971 1782 in
983 1738 1082 1809 quem

135 1829 298 1898 (cntinuo
312 1828 386 1917 liat,
402 1827 498 1898 malis
513 1831 677 1926 tentigine
690 1832 826 1926 rumpi?

135 1948 203 2017 Non
218 1972 301 2043 ego;
318 1972 462 2043 namque
473 1947 658 2043 parabilem
672 1974 751 2021 amo
762 1953 930 2021 Venerem
944 1949 1151 2045 facilemque.

136 2186 258 2255 respondet
274 2188 329 2239 voci
345 2200 390 2249 νὴ·
408 2189 447 2239 boe
467 2189 523 2239 duae
544 2189 637 2240 seilicet
670 2190 762 2257 quibus
779 2188 887 2241 serendis
902 2189 982 2256 impar
994 2188 1076 2240 lutura
1088 2187 1137 2252 sit,
1153 2196 1179 2237 et

135 2288 196 2323 voees
213 2271 265 2325 dno
282 2272 398 2341 phraseos
410 2273 520 2324 membra
529 2273 637 2339 jungunt
671 2288 733 2323 vana
749 2272 1175 2340 atqueinaniaasolidioribnsdis·

137 2364 161 2404 nt
175 2356 240 2423 apud
257 2354 404 2407 Callimach.
427 2372 500 2423 supra
514 2353 546 2406 τὰ
558 2354 634 2423 μὲν...
672 2357 846 2422 tinguere?-
858 2358 936 2408 bione
954 2354 1070 2409 abser'nd.
1091 2354 1177 2413 oeldo,

138 2436 164 2489 τὲ
172 2436 422 2509 diffie-positum,
432 2456 481 2490 non
491 2438 635 2504 fugientem,
673 2455 800 2491 secernere
816 2440 882 2507 quod
898 2442 970 2492 inane
981 2450 1019 2491 est
1029 2439 1060 2490 ab
1071 2456 1102 2490 eo
1112 2436 1179 2506 quod

137 2525 173 2575 sed
186 2526 328 2591 jacentem
345 2523 412 2592 quod
429 2541 488 2574 nes:
502 2522 634 2592 eufimiae.
673 2523 835 2574 necessarium
856 2533 902 2573 est.
922 2522 970 2573 En.
987 2519 1117 2579 -εοὶάο,
1136 2536 1182 2588 pro

137 2608 217 2659 En-
223 2609 327 2665 Ceratae,
340 2624 385 2675 per
397 2619 479 2659 notam
489 2607 551 2658 banc
559 2606 638 2658 canti-
673 2604 762 2656 soIIdo.

138 2692 211 2745 lenam
234 2692 376 2761 respondet.
394 2692 443 2743 Ee.
463 2720 499 2730 -
517 2694 634 2761 apponii,
711 2700 771 2740 tu.
789 2690 881 2741 Aurea
898 2691 996 2761 quoeris
1010 2689 1129 2753 Pocula5
1149 2691 1181 2742 de

136 2778 224 2845 adjicit.
236 2805 274 2817 —
283 2776 439 2827 Tmnsvolnt
454 2777 483 2826 in
497 2773 579 2825 modio
587 2793 636 2845 po-
672 2775 718 2825 boe
727 2773 779 2826 loco
788 2776 879 2826 Seneca
889 2775 969 2842 Epist.
983 2785 1033 2826 ¹20
1042 2793 1047 2823 :
1057 2774 1182 2841 «Egregie

137 2864 197 2922 silo,
214 2862 353 2914 contemnit
367 2876 396 2911 ea
412 2876 467 2927 quae
484 2859 579 2911 [acilius
591 2876 636 2927 pa-
672 2858 790 2911 }loratius
801 2850 872 2925 negai
883 2860 913 2910 ad
922 2861 989 2911 sitim
999 2860 1181 2928 pertinereque

137 2959 226 2999 ianuar.
238 2947 288 2997 En.
295 2975 333 2984 —
333 2944 473 3014 seigneurie
485 2955 581 3014 captet,
593 2962 639 2996 cx·
676 2942 762 3011 perulo
770 2959 842 3011 aqna,
853 2954 894 2994 aut
904 2961 976 3012 mam
990 2943 1095 3010 eleganti
1106 2960 1181 2995 mann

136 3031 209 3099 quirit
218 3046 245 3081 ea
257 3045 314 3097 quae
328 3028 435 3093 lugiunt.
452 3027 499 3077 En.
676 3027 841 3077 ministretur.
855 3046 869 3074 s
882 3025 930 3077 En.
939 3056 975 3065 -—-
985 3028 1122 3087 Pavonem,
1137 3043 1182 3093 pa-

167 3111 500 3169 soetlnctneversicatis,
509 3113 641 3180 respondet
675 3126 749 3159 renes
775 3108 867 3159 seilicet
893 3108 1010 3160 Romanis
1039 3110 1064 3159 in
1086 3108 1182 3159 deliciis

136 3210 202 3267 poeta
211 3195 329 3257 amatori,
341 3197 514 3263 siscitaturque
523 3212 553 3245 an
564 3197 588 3246 in
596 3198 641 3248 liae
677 3192 754 3244 luere.
776 3191 824 3243 En.
844 3222 880 3231 -
897 3192 1048 3257 rhombum
1066 3193 1122 3260 gall.
1145 3209 1183 3244 an

135 3283 261 3344 cantilena,
273 3290 301 3330 ut
312 3280 389 3330 ierem
403 3280 594 3344 respensioncm,
606 3281 642 3331 sie
676 3277 768 3328 turbet.
779 3278 865 3330 En.—
875 3278 1117 3351 tamenttr'biquum
1126 3280 1181 3349 ing.

135 3367 205 3417 etiam
214 3365 328 3417 dolorum
337 3372 362 3413 et
372 3379 484 3413 curarum
495 3363 641 3414 medicinam
676 3376 752 3428 quum
767 3362 876 3412 mentula
885 3362 989 3428 erigitur
1004 3363 1118 3414 libidine.
1132 3363 1180 3413 En.

137 3448 258 3507 insenie13
281 3446 372 3498 deinde
391 3462 447 3496 enm
471 3445 502 3496 ad
529 3445 642 3497 meliores
677 3463 761 3497 verna
771 3462 847 3515 puer,
869 3465 953 3498 servus
969 3449 1036 3500 domi
1055 3458 1135 3499 natus.
1148 3478 1183 3487 -

136 3549 219 3583 sensus
228 3540 307 3582 tentat
314 3529 440 3580 reduoere.
449 3528 642 3581 lle-Nonne?
678 3530 783 3599 impetus
799 3531 827 3579 in
839 3547 915 3601 quem
930 3529 1128 3600 Continuostnt,
1140 3530 1183 3599 qui

138 3616 238 3667 Sensim
259 3630 342 3665 nonne
354 3613 441 3664 utilius
458 3625 497 3665 est
514 3631 639 3683 quaerere,
678 3625 703 3667 et
723 3632 800 3683 prope
821 3614 869 3675 sit,
888 3624 913 3665 et
934 3616 1059 3684 explendae
1082 3613 1182 3665 libidini

137 3718 206 3769 quem
227 3699 327 3750 modum
352 3708 440 3748 natum
463 3698 488 3748 in
514 3698 642 3767 explendis
679 3708 740 3764 tuae,
756 3699 848 3766 quippe
860 3709 1067 3766 serrus‚paratus
1077 3699 1119 3749 sit.
1131 3697 1179 3747 En.

139 3785 309 3853 cupiditatibus
329 3783 462 3834 tenendum
482 3783 641 3851 praescribat?
677 3784 793 3833 —mnlt's
804 3785 928 3853 teriti'gine
941 3784 1035 3853 rumpi,
1049 3782 1124 3833 ooeidi
1138 3782 1178 3830 ni—

139 3872 195 3938 qnid
210 3870 252 3920 ‘itta
266 3869 315 3919 sibi
336 3878 451 3933 negatum
470 3868 565 3930 latura,
581 3869 641 3938 quid
677 3867 726 3919 mia
736 3868 886 3920 distentione
895 3869 999 3920 membri
1008 3865 1181 3917 virilis.En.-

141 3955 184 4005 sibi
196 3963 307 4020 negatum
324 3951 379 4002 sine
396 3951 480 4003 dolore
498 3969 547 4003 non
562 3953 640 4004 latura
673 3951 814 4020 partibilem
822 3970 879 4003 nato
885 3953 1008 4004 Venerem
1012 3949 1182 4018 fiscalemqu05

142 4038 180 4099 sit,
189 4037 239 4088 sire
249 4057 255 4086 ι
267 4036 358 4105 quibus
370 4033 479 4085 terendis
490 4045 575 4086 natura
585 4052 639 4103 par,
676 4034 802 4088 Venerem
819 4036 846 4087 li.
860 4054 882 4087 e.
902 4036 1046 4103 voluptatem
1065 4048 1118 4099 qum
1137 4047 1182 4080 su-
