<?xml version="1.0" encoding="UTF-8"?>
<!DOCTYPE html PUBLIC "-//W3C//DTD XHTML 1.0 Transitional//EN"
    "http://www.w3.org/TR/xhtml1/DTD/xhtml1-transitional.dtd">
<html xmlns="http://www.w3.org/1999/xhtml" xml:lang="en" lang="en">
 <head>
  <title>
</title>
<meta http-equiv="Content-Type" content="text/html;charset=utf-8" />
  <meta name='ocr-system' content='tesseract 3.04.00' />
  <meta name='ocr-capabilities' content='ocr_page ocr_carea ocr_par ocr_line ocrx_word'/>
</head>
<body>
  <div class='ocr_page' id='page_1' title='image "bibliothecaclas08lemagoog_0017.png"; bbox 0 0 2664 5242; ppageno 0'>
   <div class='ocr_carea' id='block_1_1' title="bbox 293 793 1177 867">
    <p class='ocr_par' dir='ltr' id='par_1_1' title="bbox 293 793 1177 867">
     <span class='ocr_line' id='line_1_1' title="bbox 293 793 1177 867; baseline 0 0"><span class='ocrx_word' id='word_1_1' title='bbox 293 824 315 867; x_wconf 84' lang='lat' dir='ltr'><strong>x</strong></span> <span class='ocrx_word' id='word_1_2' title='bbox 461 797 529 866; x_wconf 89' lang='lat' dir='ltr'><strong>DE</strong></span> <span class='ocrx_word' id='word_1_3' title='bbox 553 795 770 865; x_wconf 89' lang='lat' dir='ltr'><strong>ORlGINE</strong></span> <span class='ocrx_word' id='word_1_4' title='bbox 795 793 856 863; x_wconf 86' lang='lat' dir='ltr'><strong>ET</strong></span> <span class='ocrx_word' id='word_1_5' title='bbox 880 797 1177 867; x_wconf 87' lang='lat' dir='ltr'>PROGRESSU</span> 
     </span>
    </p>
   </div>
   <div class='ocr_carea' id='block_1_2' title="bbox 212 933 1332 3150">
    <p class='ocr_par' dir='ltr' id='par_1_2' title="bbox 287 933 1332 1734">
     <span class='ocr_line' id='line_1_2' title="bbox 292 933 1322 1034; baseline 0.001 -27"><span class='ocrx_word' id='word_1_6' title='bbox 292 960 403 1034; x_wconf 85' lang='lat' dir='ltr'><strong>quam</strong></span> <span class='ocrx_word' id='word_1_7' title='bbox 416 935 587 1006; x_wconf 86' lang='lat' dir='ltr'><strong>Romanis</strong></span> <span class='ocrx_word' id='word_1_8' title='bbox 605 957 754 1032; x_wconf 89' lang='lat' dir='ltr'><strong>prorsus</strong></span> <span class='ocrx_word' id='word_1_9' title='bbox 774 933 979 1030; x_wconf 89' lang='lat' dir='ltr'><strong>incognita,</strong></span> <span class='ocrx_word' id='word_1_10' title='bbox 997 959 1066 1007; x_wconf 88' lang='lat' dir='ltr'><strong>nec</strong></span> <span class='ocrx_word' id='word_1_11' title='bbox 1082 933 1155 1005; x_wconf 89' lang='lat' dir='ltr'><strong>ulla</strong></span> <span class='ocrx_word' id='word_1_12' title='bbox 1174 961 1258 1007; x_wconf 90' lang='lat' dir='ltr'><strong>cum</strong></span> <span class='ocrx_word' id='word_1_13' title='bbox 1278 942 1322 1008; x_wconf 91' lang='lat' dir='ltr'><strong>Sa</strong></span> 
     </span>
     <span class='ocr_line' id='line_1_3' title="bbox 291 1050 1239 1154; baseline -0.003 -27"><span class='ocrx_word' id='word_1_14' title='bbox 291 1057 404 1154; x_wconf 83' lang='lat' dir='ltr'><strong>tyrica</strong></span> <span class='ocrx_word' id='word_1_15' title='bbox 426 1059 633 1126; x_wconf 82' lang='lat' dir='ltr'><strong>Graecorum</strong></span> <span class='ocrx_word' id='word_1_16' title='bbox 656 1050 759 1149; x_wconf 85' lang='lat' dir='ltr'><strong>poesi</strong></span> <span class='ocrx_word' id='word_1_17' title='bbox 783 1051 1002 1146; x_wconf 84' lang='lat' dir='ltr'><strong>cognatione</strong></span> <span class='ocrx_word' id='word_1_18' title='bbox 1024 1053 1239 1149; x_wconf 88' lang='lat' dir='ltr'><strong>conjuncta,</strong></span> 
     </span>
     <span class='ocr_line' id='line_1_4' title="bbox 292 1167 1325 1268; baseline -0.004 -24"><span class='ocrx_word' id='word_1_19' title='bbox 292 1189 412 1244; x_wconf 88' lang='lat' dir='ltr'><strong>tamen</strong></span> <span class='ocrx_word' id='word_1_20' title='bbox 428 1168 672 1268; x_wconf 87' lang='lat' dir='ltr'><strong>quorumdam</strong></span> <span class='ocrx_word' id='word_1_21' title='bbox 689 1167 883 1239; x_wconf 89' lang='lat' dir='ltr'><strong>doctorum</strong></span> <span class='ocrx_word' id='word_1_22' title='bbox 904 1169 1032 1266; x_wconf 93' lang='lat' dir='ltr'><strong>opinio</strong></span> <span class='ocrx_word' id='word_1_23' title='bbox 1049 1168 1128 1240; x_wconf 83' lang='lat' dir='ltr'><strong>fuit.</strong></span> <span class='ocrx_word' id='word_1_24' title='bbox 1146 1169 1325 1256; x_wconf 89' lang='lat' dir='ltr'><strong>Quintilia</strong></span> 
     </span>
     <span class='ocr_line' id='line_1_5' title="bbox 292 1284 1322 1384; baseline -0.004 -21"><span class='ocrx_word' id='word_1_25' title='bbox 292 1315 362 1363; x_wconf 92' lang='lat' dir='ltr'><strong>nus</strong></span> <span class='ocrx_word' id='word_1_26' title='bbox 382 1315 529 1363; x_wconf 90' lang='lat' dir='ltr'><strong>omnem</strong></span> <span class='ocrx_word' id='word_1_27' title='bbox 547 1286 817 1361; x_wconf 80' lang='lat' dir='ltr'>dubitationem</span> <span class='ocrx_word' id='word_1_28' title='bbox 834 1284 944 1378; x_wconf 88' lang='lat' dir='ltr'><strong>tollit,</strong></span> <span class='ocrx_word' id='word_1_29' title='bbox 959 1312 1075 1384; x_wconf 89' lang='lat' dir='ltr'><strong>quum</strong></span> <span class='ocrx_word' id='word_1_30' title='bbox 1092 1287 1220 1360; x_wconf 91' lang='lat' dir='ltr'><strong>scribit</strong></span> <span class='ocrx_word' id='word_1_31' title='bbox 1229 1287 1322 1359; x_wconf 89' lang='lat' dir='ltr'><strong>lib.l</strong></span> 
     </span>
     <span class='ocr_line' id='line_1_6' title="bbox 291 1405 1327 1509; baseline -0.003 -26"><span class='ocrx_word' id='word_1_32' title='bbox 291 1436 368 1509; x_wconf 88' lang='lat' dir='ltr'><strong>cap.</strong></span> <span class='ocrx_word' id='word_1_33' title='bbox 392 1435 457 1482; x_wconf 88' lang='lat'><strong>10:</strong></span> <span class='ocrx_word' id='word_1_34' title='bbox 477 1410 622 1482; x_wconf 72' lang='lat' dir='ltr'><strong>«Satira</strong></span> <span class='ocrx_word' id='word_1_35' title='bbox 647 1405 798 1504; x_wconf 88' lang='lat' dir='ltr'><strong>quidem</strong></span> <span class='ocrx_word' id='word_1_36' title='bbox 820 1421 895 1478; x_wconf 86' lang='lat' dir='ltr'><strong>tota</strong></span> <span class='ocrx_word' id='word_1_37' title='bbox 918 1422 1041 1485; x_wconf 90' lang='lat' dir='ltr'><strong>nostra</strong></span> <span class='ocrx_word' id='word_1_38' title='bbox 1059 1422 1156 1479; x_wconf 76' lang='lat' dir='ltr'><strong>est.»</strong></span> <span class='ocrx_word' id='word_1_39' title='bbox 1176 1408 1267 1480; x_wconf 90' lang='lat' dir='ltr'><strong>lnde</strong></span> <span class='ocrx_word' id='word_1_40' title='bbox 1288 1434 1327 1479; x_wconf 90' lang='lat' dir='ltr'><strong>es</strong></span> 
     </span>
     <span class='ocr_line' id='line_1_7' title="bbox 291 1524 1301 1624; baseline 0 -25"><span class='ocrx_word' id='word_1_41' title='bbox 291 1527 392 1624; x_wconf 93' lang='lat' dir='ltr'><strong>quod</strong></span> <span class='ocrx_word' id='word_1_42' title='bbox 406 1529 589 1616; x_wconf 80' lang='lat' dir='ltr'><strong>Horatius,</strong></span> <span class='ocrx_word' id='word_1_43' title='bbox 604 1524 668 1596; x_wconf 89' lang='lat' dir='ltr'><strong>lib.</strong></span> <span class='ocrx_word' id='word_1_44' title='bbox 684 1529 710 1616; x_wconf 92' lang='lat' dir='ltr'><strong>l,</strong></span> <span class='ocrx_word' id='word_1_45' title='bbox 720 1528 791 1595; x_wconf 88' lang='lat' dir='ltr'><strong>Sat.</strong></span> <span class='ocrx_word' id='word_1_46' title='bbox 807 1548 862 1614; x_wconf 93' lang='lat'><strong>10,</strong></span> <span class='ocrx_word' id='word_1_47' title='bbox 873 1524 963 1596; x_wconf 68' lang='lat' dir='ltr'><strong>noo</strong></span> <span class='ocrx_word' id='word_1_48' title='bbox 973 1526 1148 1598; x_wconf 73' lang='lat' dir='ltr'><strong>:sGraeois</strong></span> <span class='ocrx_word' id='word_1_49' title='bbox 1163 1527 1301 1600; x_wconf 89' lang='lat' dir='ltr'><strong>intactu</strong></span> 
     </span>
     <span class='ocr_line' id='line_1_8' title="bbox 287 1641 689 1734; baseline -0.012 -20"><span class='ocrx_word' id='word_1_50' title='bbox 287 1666 433 1715; x_wconf 86' lang='lat' dir='ltr'><strong>carmen</strong></span> <span class='ocrx_word' id='word_1_51' title='bbox 447 1674 464 1708; x_wconf 77' lang='grc' dir='ltr'>ν</span> <span class='ocrx_word' id='word_1_52' title='bbox 478 1641 626 1713; x_wconf 80' lang='lat' dir='ltr'>dixerit.</span> <span class='ocrx_word' id='word_1_53' title='bbox 684 1720 689 1734; x_wconf 30' lang='grc' dir='ltr'>ι</span> 
     </span>
    </p>

    <p class='ocr_par' dir='ltr' id='par_1_3' title="bbox 286 1756 1332 2210">
     <span class='ocr_line' id='line_1_9' title="bbox 339 1756 1315 1855; baseline 0 -25"><span class='ocrx_word' id='word_1_54' title='bbox 339 1764 430 1832; x_wconf 89' lang='lat' dir='ltr'><strong>Ecce</strong></span> <span class='ocrx_word' id='word_1_55' title='bbox 457 1758 525 1829; x_wconf 90' lang='lat' dir='ltr'><strong>tibi</strong></span> <span class='ocrx_word' id='word_1_56' title='bbox 552 1780 760 1852; x_wconf 83' lang='lat' dir='ltr'><strong>germanam</strong></span> <span class='ocrx_word' id='word_1_57' title='bbox 789 1756 899 1853; x_wconf 89' lang='lat' dir='ltr'><strong>hujus</strong></span> <span class='ocrx_word' id='word_1_58' title='bbox 930 1757 1029 1829; x_wconf 89' lang='lat' dir='ltr'><strong>vocis</strong></span> <span class='ocrx_word' id='word_1_59' title='bbox 1056 1756 1315 1855; x_wconf 82' lang='lat' dir='ltr'><strong>etymologiam</strong></span> 
     </span>
     <span class='ocr_line' id='line_1_10' title="bbox 289 1873 1324 1975; baseline 0.001 -26"><span class='ocrx_word' id='word_1_60' title='bbox 289 1877 407 1949; x_wconf 84' lang='lat' dir='ltr'><strong>latini</strong></span> <span class='ocrx_word' id='word_1_61' title='bbox 428 1881 604 1961; x_wconf 80' lang='lat' dir='ltr'><strong>Saturum</strong></span> <span class='ocrx_word' id='word_1_62' title='bbox 624 1873 849 1972; x_wconf 81' lang='lat' dir='ltr'><strong>usurpabant</strong></span> <span class='ocrx_word' id='word_1_63' title='bbox 864 1899 931 1974; x_wconf 92' lang='lat' dir='ltr'><strong>pro</strong></span> <span class='ocrx_word' id='word_1_64' title='bbox 944 1873 1071 1972; x_wconf 90' lang='lat' dir='ltr'><strong>pleno,</strong></span> <span class='ocrx_word' id='word_1_65' title='bbox 1087 1877 1146 1947; x_wconf 92' lang='lat' dir='ltr'><strong>cui</strong></span> <span class='ocrx_word' id='word_1_66' title='bbox 1159 1876 1206 1947; x_wconf 91' lang='lat' dir='ltr'><strong>ad</strong></span> <span class='ocrx_word' id='word_1_67' title='bbox 1220 1879 1324 1975; x_wconf 83' lang='lat' dir='ltr'><strong>perfe</strong></span> 
     </span>
     <span class='ocr_line' id='line_1_11' title="bbox 286 1993 1323 2090; baseline 0.003 -23"><span class='ocrx_word' id='word_1_68' title='bbox 286 1997 446 2068; x_wconf 89' lang='lat' dir='ltr'><strong>ctionem</strong></span> <span class='ocrx_word' id='word_1_69' title='bbox 461 1993 514 2065; x_wconf 92' lang='lat' dir='ltr'><strong>nil</strong></span> <span class='ocrx_word' id='word_1_70' title='bbox 528 1994 687 2066; x_wconf 86' lang='lat' dir='ltr'><strong>deesset:</strong></span> <span class='ocrx_word' id='word_1_71' title='bbox 703 1995 798 2075; x_wconf 83' lang='lat' dir='ltr'><strong>hinc,</strong></span> <span class='ocrx_word' id='word_1_72' title='bbox 806 1998 919 2066; x_wconf 87' lang='lat' dir='ltr'><strong>Satur</strong></span> <span class='ocrx_word' id='word_1_73' title='bbox 931 1997 1033 2066; x_wconf 86' lang='lat' dir='ltr'><strong>color</strong></span> <span class='ocrx_word' id='word_1_74' title='bbox 1045 2018 1162 2090; x_wconf 90' lang='lat' dir='ltr'><strong>quum</strong></span> <span class='ocrx_word' id='word_1_75' title='bbox 1177 1993 1263 2067; x_wconf 89' lang='lat' dir='ltr'><strong>lana</strong></span> <span class='ocrx_word' id='word_1_76' title='bbox 1275 2021 1323 2069; x_wconf 92' lang='lat' dir='ltr'><strong>co</strong></span> 
     </span>
     <span class='ocr_line' id='line_1_12' title="bbox 286 2109 1332 2210; baseline -0.007 -25"><span class='ocrx_word' id='word_1_77' title='bbox 286 2111 401 2185; x_wconf 89' lang='lat' dir='ltr'><strong>lorem</strong></span> <span class='ocrx_word' id='word_1_78' title='bbox 413 2111 521 2210; x_wconf 88' lang='lat' dir='ltr'><strong>plene</strong></span> <span class='ocrx_word' id='word_1_79' title='bbox 535 2110 782 2201; x_wconf 89' lang='lat' dir='ltr'><strong>combibisset,</strong></span> <span class='ocrx_word' id='word_1_80' title='bbox 791 2135 861 2181; x_wconf 87' lang='lat' dir='ltr'><strong>nec</strong></span> <span class='ocrx_word' id='word_1_81' title='bbox 870 2109 1073 2207; x_wconf 86' lang='lat' dir='ltr'><strong>quidquam</strong></span> <span class='ocrx_word' id='word_1_82' title='bbox 1084 2110 1131 2182; x_wconf 89' lang='lat' dir='ltr'><strong>ad</strong></span> <span class='ocrx_word' id='word_1_83' title='bbox 1144 2112 1302 2185; x_wconf 90' lang='lat' dir='ltr'><strong>tinctura</strong></span> <span class='ocrx_word' id='word_1_84' title='bbox 1314 2148 1332 2179; x_wconf 75' lang='grc' dir='ltr'><strong>ι.</strong></span> 
     </span>
    </p>

    <p class='ocr_par' dir='ltr' id='par_1_4' title="bbox 212 2229 1332 3150">
     <span class='ocr_line' id='line_1_13' title="bbox 260 2229 1332 2328; baseline -0.003 -26"><span class='ocrx_word' id='word_1_85' title='bbox 260 2284 262 2289; x_wconf 84' lang='lat'><em>-</em></span> <span class='ocrx_word' id='word_1_86' title='bbox 282 2230 390 2327; x_wconf 87' lang='lat' dir='ltr'><strong>adjici</strong></span> <span class='ocrx_word' id='word_1_87' title='bbox 405 2229 594 2326; x_wconf 92' lang='lat' dir='ltr'><strong>potuisset.</strong></span> <span class='ocrx_word' id='word_1_88' title='bbox 609 2233 659 2301; x_wconf 81' lang='lat' dir='ltr'><strong>Ex</strong></span> <span class='ocrx_word' id='word_1_89' title='bbox 673 2234 786 2302; x_wconf 82' lang='lat' dir='ltr'><strong>Satur</strong></span> <span class='ocrx_word' id='word_1_90' title='bbox 796 2229 935 2300; x_wconf 81' lang='lat' dir='ltr'><strong>lactum</strong></span> <span class='ocrx_word' id='word_1_91' title='bbox 948 2232 1097 2315; x_wconf 84' lang='lat' dir='ltr'><strong>Satura,</strong></span> <span class='ocrx_word' id='word_1_92' title='bbox 1112 2230 1213 2328; x_wconf 93' lang='lat' dir='ltr'><strong>quod</strong></span> <span class='ocrx_word' id='word_1_93' title='bbox 1230 2234 1302 2304; x_wconf 88' lang='lat' dir='ltr'><strong>etia</strong></span> <span class='ocrx_word' id='word_1_94' title='bbox 1313 2267 1332 2299; x_wconf 76' lang='lat' dir='ltr'><strong>u</strong></span> 
     </span>
     <span class='ocr_line' id='line_1_14' title="bbox 212 2330 1325 2445; baseline 0.002 -24"><span class='ocrx_word' id='word_1_95' title='bbox 212 2330 218 2355; x_wconf 56' lang='grc'>’</span> <span class='ocrx_word' id='word_1_96' title='bbox 287 2352 411 2422; x_wconf 81' lang='lat' dir='ltr'><strong>Satira</strong></span> <span class='ocrx_word' id='word_1_97' title='bbox 428 2372 493 2445; x_wconf 92' lang='lat' dir='ltr'><strong>per</strong></span> <span class='ocrx_word' id='word_1_98' title='bbox 505 2353 521 2417; x_wconf 87' lang='lat' dir='ltr'><strong>i</strong></span> <span class='ocrx_word' id='word_1_99' title='bbox 535 2346 755 2433; x_wconf 81' lang='lat' dir='ltr'><strong>efferebant,</strong></span> <span class='ocrx_word' id='word_1_100' title='bbox 770 2347 1082 2445; x_wconf 88' lang='lat' dir='ltr'><strong>quemadmodum</strong></span> <span class='ocrx_word' id='word_1_101' title='bbox 1095 2353 1325 2422; x_wconf 80' lang='lat' dir='ltr'><strong>Maximuse</strong></span> 
     </span>
     <span class='ocr_line' id='line_1_15' title="bbox 286 2467 1315 2563; baseline 0.004 -27"><span class='ocrx_word' id='word_1_102' title='bbox 286 2469 507 2552; x_wconf 78' lang='lat' dir='ltr'><strong>Maxumus,</strong></span> <span class='ocrx_word' id='word_1_103' title='bbox 531 2469 694 2563; x_wconf 80' lang='lat' dir='ltr'><strong>optimus</strong></span> <span class='ocrx_word' id='word_1_104' title='bbox 710 2479 747 2536; x_wconf 89' lang='lat' dir='ltr'><strong>et</strong></span> <span class='ocrx_word' id='word_1_105' title='bbox 770 2478 954 2563; x_wconf 78' lang='lat' dir='ltr'><strong>optumus.</strong></span> <span class='ocrx_word' id='word_1_106' title='bbox 981 2470 1043 2537; x_wconf 82' lang='lat' dir='ltr'><strong>Est</strong></span> <span class='ocrx_word' id='word_1_107' title='bbox 1066 2467 1175 2562; x_wconf 91' lang='lat' dir='ltr'><strong>igitur</strong></span> <span class='ocrx_word' id='word_1_108' title='bbox 1192 2471 1315 2540; x_wconf 84' lang='lat' dir='ltr'><strong>Nome</strong></span> 
     </span>
     <span class='ocr_line' id='line_1_16' title="bbox 271 2573 1318 2682; baseline 0.002 -27"><span class='ocrx_word' id='word_1_109' title='bbox 271 2573 537 2682; x_wconf 60' lang='lat' dir='ltr'><strong>Adsederam,</strong></span> <span class='ocrx_word' id='word_1_110' title='bbox 560 2582 662 2679; x_wconf 92' lang='lat' dir='ltr'><strong>quod</strong></span> <span class='ocrx_word' id='word_1_111' title='bbox 685 2582 902 2655; x_wconf 68' lang='lat' dir='ltr'><strong>relationem</strong></span> <span class='ocrx_word' id='word_1_112' title='bbox 925 2583 1033 2656; x_wconf 89' lang='lat' dir='ltr'><strong>habet</strong></span> <span class='ocrx_word' id='word_1_113' title='bbox 1054 2585 1100 2656; x_wconf 87' lang='lat' dir='ltr'><strong>ad</strong></span> <span class='ocrx_word' id='word_1_114' title='bbox 1124 2583 1318 2659; x_wconf 85' lang='lat' dir='ltr'><strong>Substantr&#39;</strong></span> 
     </span>
     <span class='ocr_line' id='line_1_17' title="bbox 284 2697 1324 2800; baseline 0.001 -26"><span class='ocrx_word' id='word_1_115' title='bbox 284 2723 370 2774; x_wconf 74' lang='lat' dir='ltr'><strong>vum</strong></span> <span class='ocrx_word' id='word_1_116' title='bbox 386 2699 702 2772; x_wconf 88' lang='lat' dir='ltr'><strong>subintellectum:</strong></span> <span class='ocrx_word' id='word_1_117' title='bbox 715 2697 890 2773; x_wconf 56' lang='lat' dir='ltr'><strong>&#39;dicebant</strong></span> <span class='ocrx_word' id='word_1_118' title='bbox 904 2703 1003 2778; x_wconf 88' lang='lat' dir='ltr'><strong>enim</strong></span> <span class='ocrx_word' id='word_1_119' title='bbox 1023 2703 1133 2800; x_wconf 87' lang='lat' dir='ltr'><strong>prisci</strong></span> <span class='ocrx_word' id='word_1_120' title='bbox 1147 2707 1324 2777; x_wconf 79' lang='lat' dir='ltr'><strong>Saturam</strong></span> 
     </span>
     <span class='ocr_line' id='line_1_18' title="bbox 288 2816 1332 2917; baseline -0.002 -27"><span class='ocrx_word' id='word_1_121' title='bbox 288 2816 604 2917; x_wconf 85' lang='lat' dir='ltr'><strong>subintelligentes</strong></span> <span class='ocrx_word' id='word_1_122' title='bbox 633 2819 798 2893; x_wconf 69' lang='lat' dir='ltr'><strong>lancem·</strong></span> <span class='ocrx_word' id='word_1_123' title='bbox 819 2823 902 2891; x_wconf 91' lang='lat' dir='ltr'><strong>Erat</strong></span> <span class='ocrx_word' id='word_1_124' title='bbox 928 2836 1051 2892; x_wconf 89' lang='lat' dir='ltr'><strong>autem</strong></span> <span class='ocrx_word' id='word_1_125' title='bbox 1076 2822 1216 2911; x_wconf 78' lang='lat' dir='ltr'><strong>Satura</strong></span> <span class='ocrx_word' id='word_1_126' title='bbox 1245 2823 1284 2894; x_wconf 84' lang='lat' dir='ltr'><strong>la</strong></span> <span class='ocrx_word' id='word_1_127' title='bbox 1329 2871 1332 2888; x_wconf 43' lang='lat' dir='ltr'><strong>t</strong></span> 
     </span>
     <span class='ocr_line' id='line_1_19' title="bbox 286 2934 1322 3039; baseline 0.005 -31"><span class='ocrx_word' id='word_1_128' title='bbox 286 2960 347 3008; x_wconf 89' lang='lat' dir='ltr'><strong>vas</strong></span> <span class='ocrx_word' id='word_1_129' title='bbox 361 2935 507 3034; x_wconf 87' lang='lat' dir='ltr'><strong>(gallice</strong></span> <span class='ocrx_word' id='word_1_130' title='bbox 525 2961 577 3007; x_wconf 82' lang='lat' dir='ltr'><strong>un</strong></span> <span class='ocrx_word' id='word_1_131' title='bbox 595 2934 737 3033; x_wconf 77' lang='lat' dir='ltr'><strong>bassin)</strong></span> <span class='ocrx_word' id='word_1_132' title='bbox 755 2961 866 3008; x_wconf 90' lang='lat' dir='ltr'><strong>omne</strong></span> <span class='ocrx_word' id='word_1_133' title='bbox 887 2960 1002 3033; x_wconf 89' lang='lat' dir='ltr'><strong>genus</strong></span> <span class='ocrx_word' id='word_1_134' title='bbox 1025 2936 1203 3009; x_wconf 76' lang='lat' dir='ltr'><strong>fructibus</strong></span> <span class='ocrx_word' id='word_1_135' title='bbox 1220 2941 1322 3039; x_wconf 88' lang='lat' dir='ltr'><strong>reple</strong></span> 
     </span>
     <span class='ocr_line' id='line_1_20' title="bbox 286 3054 1324 3150; baseline 0.006 -25"><span class='ocrx_word' id='word_1_136' title='bbox 286 3068 367 3125; x_wconf 90' lang='lat' dir='ltr'><strong>tum</strong></span> <span class='ocrx_word' id='word_1_137' title='bbox 383 3077 476 3150; x_wconf 93' lang='lat' dir='ltr'><strong>quos</strong></span> <span class='ocrx_word' id='word_1_138' title='bbox 490 3054 611 3124; x_wconf 89' lang='lat' dir='ltr'><strong>Cereri</strong></span> <span class='ocrx_word' id='word_1_139' title='bbox 624 3055 822 3149; x_wconf 88' lang='lat' dir='ltr'><strong>quotannis</strong></span> <span class='ocrx_word' id='word_1_140' title='bbox 839 3069 876 3124; x_wconf 91' lang='lat' dir='ltr'><strong>et</strong></span> <span class='ocrx_word' id='word_1_141' title='bbox 894 3054 1049 3142; x_wconf 90' lang='lat' dir='ltr'><strong>Bacch0‚</strong></span> <span class='ocrx_word' id='word_1_142' title='bbox 1064 3070 1106 3126; x_wconf 90' lang='lat' dir='ltr'><strong>ut</strong></span> <span class='ocrx_word' id='word_1_143' title='bbox 1118 3056 1229 3127; x_wconf 87' lang='lat' dir='ltr'><strong>totius</strong></span> <span class='ocrx_word' id='word_1_144' title='bbox 1248 3082 1324 3130; x_wconf 91' lang='lat' dir='ltr'><strong>ann</strong></span> 
     </span>
    </p>
   </div>
   <div class='ocr_carea' id='block_1_3' title="bbox 165 3167 1326 3266">
    <p class='ocr_par' dir='ltr' id='par_1_5' title="bbox 165 3167 1326 3266">
     <span class='ocr_line' id='line_1_21' title="bbox 165 3167 1326 3266; baseline 0.007 -29"><span class='ocrx_word' id='word_1_145' title='bbox 165 3230 171 3237; x_wconf 85' lang='lat'><strong>.</strong></span> <span class='ocrx_word' id='word_1_146' title='bbox 287 3182 534 3266; x_wconf 91' lang='lat' dir='ltr'><strong>proventuum</strong></span> <span class='ocrx_word' id='word_1_147' title='bbox 551 3167 746 3265; x_wconf 88' lang='lat' dir='ltr'><strong>primitias,</strong></span> <span class='ocrx_word' id='word_1_148' title='bbox 764 3167 895 3240; x_wconf 80' lang='lat' dir='ltr'><strong>offerre</strong></span> <span class='ocrx_word' id='word_1_149' title='bbox 918 3168 1102 3258; x_wconf 71' lang='lat' dir='ltr'><strong>solebant,</strong></span> <span class='ocrx_word' id='word_1_150' title='bbox 1129 3172 1326 3266; x_wconf 87' lang='lat' dir='ltr'><strong>cujusmod</strong></span> 
     </span>
    </p>
   </div>
   <div class='ocr_carea' id='block_1_4' title="bbox 261 3280 1332 4439">
    <p class='ocr_par' dir='ltr' id='par_1_6' title="bbox 261 3280 1332 4439">
     <span class='ocr_line' id='line_1_22' title="bbox 288 3280 1329 3380; baseline 0.001 -24"><span class='ocrx_word' id='word_1_151' title='bbox 288 3280 493 3356; x_wconf 88' lang='lat' dir='ltr'><strong>oblationes</strong></span> <span class='ocrx_word' id='word_1_152' title='bbox 516 3307 560 3354; x_wconf 86' lang='lat' dir='ltr'><strong>ex</strong></span> <span class='ocrx_word' id='word_1_153' title='bbox 579 3284 686 3356; x_wconf 84' lang='lat' dir='ltr'><strong>variis</strong></span> <span class='ocrx_word' id='word_1_154' title='bbox 705 3284 899 3380; x_wconf 90' lang='lat' dir='ltr'><strong>generibus</strong></span> <span class='ocrx_word' id='word_1_155' title='bbox 914 3284 1009 3359; x_wconf 92' lang='lat' dir='ltr'><strong>inter</strong></span> <span class='ocrx_word' id='word_1_156' title='bbox 1023 3312 1062 3358; x_wconf 91' lang='lat' dir='ltr'><strong>se</strong></span> <span class='ocrx_word' id='word_1_157' title='bbox 1079 3289 1329 3364; x_wconf 83' lang='lat' dir='ltr'><strong>conlusisno</strong></span> 
     </span>
     <span class='ocr_line' id='line_1_23' title="bbox 287 3400 1320 3505; baseline 0.006 -31"><span class='ocrx_word' id='word_1_158' title='bbox 287 3415 391 3474; x_wconf 87' lang='lat' dir='ltr'><strong>erant</strong></span> <span class='ocrx_word' id='word_1_159' title='bbox 403 3402 536 3472; x_wconf 86' lang='lat' dir='ltr'><strong>Graecis</strong></span> <span class='ocrx_word' id='word_1_160' title='bbox 551 3400 706 3473; x_wconf 90' lang='lat' dir='ltr'><strong>omnino</strong></span> <span class='ocrx_word' id='word_1_161' title='bbox 720 3403 934 3500; x_wconf 88' lang='lat' dir='ltr'><strong>incognitae,</strong></span> <span class='ocrx_word' id='word_1_162' title='bbox 949 3406 1013 3502; x_wconf 91' lang='lat' dir='ltr'><strong>qui</strong></span> <span class='ocrx_word' id='word_1_163' title='bbox 1029 3428 1088 3477; x_wconf 86' lang='lat' dir='ltr'><strong>eas</strong></span> <span class='ocrx_word' id='word_1_164' title='bbox 1104 3406 1320 3505; x_wconf 87' lang='lat' dir='ltr'><strong>appellaban</strong></span> 
     </span>
     <span class='ocr_line' id='line_1_24' title="bbox 286 3521 1321 3618; baseline 0.005 -27"><span class='ocrx_word' id='word_1_165' title='bbox 286 3528 461 3617; x_wconf 74' lang='grc' dir='ltr'><em>πάγκαρπον</em></span> <span class='ocrx_word' id='word_1_166' title='bbox 480 3524 608 3607; x_wconf 67' lang='grc' dir='ltr'>θυσίαν,</span> <span class='ocrx_word' id='word_1_167' title='bbox 626 3525 832 3618; x_wconf 81' lang='grc' dir='ltr'>πανσπερμίαν</span> <span class='ocrx_word' id='word_1_168' title='bbox 856 3535 892 3592; x_wconf 87' lang='lat' dir='ltr'><strong>et</strong></span> <span class='ocrx_word' id='word_1_169' title='bbox 914 3522 951 3592; x_wconf 82' lang='lat' dir='ltr'><strong>in</strong></span> <span class='ocrx_word' id='word_1_170' title='bbox 971 3521 1237 3618; x_wconf 86' lang='lat' dir='ltr'><strong>leguminibus,</strong></span> <span class='ocrx_word' id='word_1_171' title='bbox 1257 3554 1321 3595; x_wconf 89' lang='grc' dir='ltr'><strong>πνα</strong></span> 
     </span>
     <span class='ocr_line' id='line_1_25' title="bbox 287 3634 1320 3730; baseline 0.009 -22"><span class='ocrx_word' id='word_1_172' title='bbox 287 3641 402 3730; x_wconf 57' lang='lat' dir='ltr'><strong>raglau</strong></span> <span class='ocrx_word' id='word_1_173' title='bbox 422 3634 617 3709; x_wconf 85' lang='lat' dir='ltr'><strong>Diomedes</strong></span> <span class='ocrx_word' id='word_1_174' title='bbox 633 3640 899 3711; x_wconf 87' lang='lat' dir='ltr'><strong>Grammaticus</strong></span> <span class='ocrx_word' id='word_1_175' title='bbox 912 3656 1078 3713; x_wconf 89' lang='lat' dir='ltr'><strong>accurate</strong></span> <span class='ocrx_word' id='word_1_176' title='bbox 1092 3653 1129 3712; x_wconf 86' lang='lat' dir='ltr'><strong>et</strong></span> <span class='ocrx_word' id='word_1_177' title='bbox 1145 3641 1246 3715; x_wconf 91' lang='lat' dir='ltr'><strong>hunc</strong></span> <span class='ocrx_word' id='word_1_178' title='bbox 1264 3649 1320 3717; x_wconf 84' lang='lat' dir='ltr'><strong>Ro</strong></span> 
     </span>
     <span class='ocr_line' id='line_1_26' title="bbox 289 3755 1323 3854; baseline 0.007 -29"><span class='ocrx_word' id='word_1_179' title='bbox 289 3776 483 3826; x_wconf 84' lang='lat' dir='ltr'><strong>manorum</strong></span> <span class='ocrx_word' id='word_1_180' title='bbox 496 3776 635 3825; x_wconf 89' lang='lat' dir='ltr'><strong>morem</strong></span> <span class='ocrx_word' id='word_1_181' title='bbox 648 3770 685 3825; x_wconf 91' lang='lat' dir='ltr'><strong>et</strong></span> <span class='ocrx_word' id='word_1_182' title='bbox 698 3755 798 3827; x_wconf 88' lang='lat' dir='ltr'><strong>vocis</strong></span> <span class='ocrx_word' id='word_1_183' title='bbox 807 3758 953 3828; x_wconf 72' lang='lat' dir='ltr'><strong>Saturae</strong></span> <span class='ocrx_word' id='word_1_184' title='bbox 968 3770 1133 3827; x_wconf 89' lang='lat' dir='ltr'><strong>naturam</strong></span> <span class='ocrx_word' id='word_1_185' title='bbox 1147 3758 1323 3854; x_wconf 84' lang='lat' dir='ltr'><strong>explicavi</strong></span> 
     </span>
     <span class='ocr_line' id='line_1_27' title="bbox 282 3863 1332 3972; baseline 0.009 -33"><span class='ocrx_word' id='word_1_186' title='bbox 282 3865 341 3940; x_wconf 89' lang='lat' dir='ltr'><strong>his</strong></span> <span class='ocrx_word' id='word_1_187' title='bbox 357 3863 495 3940; x_wconf 68' lang='lat' dir='ltr'><strong>ierbis:</strong></span> <span class='ocrx_word' id='word_1_188' title='bbox 516 3898 535 3936; x_wconf 76' lang='grc' dir='ltr'>α</span> <span class='ocrx_word' id='word_1_189' title='bbox 551 3873 650 3942; x_wconf 79' lang='lat' dir='ltr'><strong>lanx</strong></span> <span class='ocrx_word' id='word_1_190' title='bbox 671 3871 799 3944; x_wconf 88' lang='lat' dir='ltr'><strong>referta</strong></span> <span class='ocrx_word' id='word_1_191' title='bbox 813 3873 920 3944; x_wconf 76' lang='lat' dir='ltr'><strong>variis</strong></span> <span class='ocrx_word' id='word_1_192' title='bbox 949 3871 1146 3971; x_wconf 89' lang='lat' dir='ltr'><strong>multisque</strong></span> <span class='ocrx_word' id='word_1_193' title='bbox 1165 3875 1332 3972; x_wconf 89' lang='lat' dir='ltr'><strong>primitii</strong></span> 
     </span>
     <span class='ocr_line' id='line_1_28' title="bbox 286 3985 1324 4089; baseline 0.009 -31"><span class='ocrx_word' id='word_1_194' title='bbox 286 3985 396 4058; x_wconf 86' lang='lat' dir='ltr'><strong>sacris</strong></span> <span class='ocrx_word' id='word_1_195' title='bbox 406 3988 545 4059; x_wconf 89' lang='lat' dir='ltr'><strong>Cereris</strong></span> <span class='ocrx_word' id='word_1_196' title='bbox 559 3988 792 4085; x_wconf 79' lang='lat' dir='ltr'><strong>inserebatur,</strong></span> <span class='ocrx_word' id='word_1_197' title='bbox 806 4007 842 4063; x_wconf 87' lang='lat' dir='ltr'><strong>et</strong></span> <span class='ocrx_word' id='word_1_198' title='bbox 854 4016 875 4062; x_wconf 90' lang='lat' dir='ltr'><strong>a</strong></span> <span class='ocrx_word' id='word_1_199' title='bbox 889 3992 1010 4089; x_wconf 90' lang='lat' dir='ltr'><strong>copia,</strong></span> <span class='ocrx_word' id='word_1_200' title='bbox 1024 3996 1271 4065; x_wconf 84' lang='lat' dir='ltr'><strong>ctSaturitate</strong></span> <span class='ocrx_word' id='word_1_201' title='bbox 1283 4019 1324 4067; x_wconf 88' lang='lat' dir='ltr'><strong>re</strong></span> 
     </span>
     <span class='ocr_line' id='line_1_29' title="bbox 286 4103 1315 4209; baseline 0.008 -34"><span class='ocrx_word' id='word_1_202' title='bbox 286 4105 423 4176; x_wconf 70' lang='lat' dir='ltr'><strong>Sauara</strong></span> <span class='ocrx_word' id='word_1_203' title='bbox 436 4103 793 4203; x_wconf 77' lang='lat' dir='ltr'><strong>vocabatur.»Cujus</strong></span> <span class='ocrx_word' id='word_1_204' title='bbox 812 4109 953 4204; x_wconf 88' lang='lat' dir='ltr'><strong>generis</strong></span> <span class='ocrx_word' id='word_1_205' title='bbox 967 4108 1151 4202; x_wconf 78' lang='lat' dir='ltr'><strong>lancium,</strong></span> <span class='ocrx_word' id='word_1_206' title='bbox 1172 4113 1315 4209; x_wconf 85' lang='lat' dir='ltr'><strong>etVirgi</strong></span> 
     </span>
     <span class='ocr_line' id='line_1_30' title="bbox 261 4219 1317 4324; baseline 0.009 -32"><span class='ocrx_word' id='word_1_207' title='bbox 261 4219 356 4293; x_wconf 79' lang='lat' dir='ltr'><strong>‘lius</strong></span> <span class='ocrx_word' id='word_1_208' title='bbox 380 4223 419 4294; x_wconf 91' lang='lat' dir='ltr'><strong>in</strong></span> <span class='ocrx_word' id='word_1_209' title='bbox 445 4223 632 4320; x_wconf 88' lang='lat' dir='ltr'><strong>Georgicis</strong></span> <span class='ocrx_word' id='word_1_210' title='bbox 656 4226 843 4320; x_wconf 88' lang='lat' dir='ltr'><strong>meminit,</strong></span> <span class='ocrx_word' id='word_1_211' title='bbox 865 4251 980 4324; x_wconf 90' lang='lat' dir='ltr'><strong>quum</strong></span> <span class='ocrx_word' id='word_1_212' title='bbox 999 4228 1072 4300; x_wconf 91' lang='lat' dir='ltr'><strong>hoc</strong></span> <span class='ocrx_word' id='word_1_213' title='bbox 1090 4228 1201 4301; x_wconf 90' lang='lat' dir='ltr'><strong>modo</strong></span> <span class='ocrx_word' id='word_1_214' title='bbox 1225 4229 1317 4302; x_wconf 90' lang='lat' dir='ltr'><strong>dicit</strong></span> 
     </span>
     <span class='ocr_line' id='line_1_31' title="bbox 283 4337 1332 4439; baseline 0.008 -30"><span class='ocrx_word' id='word_1_215' title='bbox 283 4337 481 4414; x_wconf 73' lang='lat' dir='ltr'><strong>«lancibus</strong></span> <span class='ocrx_word' id='word_1_216' title='bbox 509 4354 546 4411; x_wconf 89' lang='lat' dir='ltr'><strong>et</strong></span> <span class='ocrx_word' id='word_1_217' title='bbox 571 4337 703 4439; x_wconf 83' lang='lat' dir='ltr'><strong>pandis</strong></span> <span class='ocrx_word' id='word_1_218' title='bbox 729 4340 905 4415; x_wconf 84' lang='lat' dir='ltr'><strong>fumantia</strong></span> <span class='ocrx_word' id='word_1_219' title='bbox 932 4341 1119 4426; x_wconf 85' lang='lat' dir='ltr'><strong>reddimus</strong></span> <span class='ocrx_word' id='word_1_220' title='bbox 1138 4359 1239 4438; x_wconf 84' lang='lat' dir='ltr'><strong>exta,</strong></span> <span class='ocrx_word' id='word_1_221' title='bbox 1254 4375 1272 4412; x_wconf 88' lang='grc' dir='ltr'>ν</span> <span class='ocrx_word' id='word_1_222' title='bbox 1298 4370 1332 4417; x_wconf 78' lang='lat' dir='ltr'><strong>e=</strong></span> 
     </span>
    </p>
   </div>
   <div class='ocr_carea' id='block_1_5' title="bbox 0 0 1338 5236">
    <p class='ocr_par' dir='ltr' id='par_1_7' title="bbox 0 0 1338 5236">
     <span class='ocr_line' id='line_1_32' title="bbox 0 0 1338 5236; baseline 0 0"><span class='ocrx_word' id='word_1_223' title='bbox 0 0 1338 5236; x_wconf 95' lang='lat' dir='ltr'><strong> </strong></span> 
     </span>
    </p>
   </div>
  </div>
 </body>
</html>
