2664 5242
422 370 513 438 niu.
540 370 575 456 1,
601 368 697 439 sur.
723 370 750 436 1.
1073 374 1114 445 ιι

108 508 182 575 Jaru
200 507 281 574 sutis
298 520 366 574 est:
386 530 427 574 ne
444 530 498 574 me
515 506 663 600 Crispini
680 507 804 575 scrinia
819 504 905 602 lippi
1061 531 1116 569 ιιο

58 623 268 720 Compilasse
285 638 398 719 putes,
418 625 557 693 verbum
574 649 643 694 non
661 623 804 719 amplius
821 624 955 695 addam.
1028 658 1033 667 ·

55 871 131 923 suriis
138 871 344 941 postumleppum
355 868 569 937 appellatum‚boc
604 885 672 921 mum
682 886 689 931 3
700 868 760 922 binc
771 870 837 922 infra
845 870 898 921 Sat.
908 870 932 934 1,
948 873 974 936 3,
984 881 1018 923 st
1028 890 1034 921 :
1044 872 1115 941 slip-

59 954 191 1007 ridiculum
208 954 313 1007 convicii
325 970 414 1021 genus,
432 954 570 1022 noorporis
604 972 650 1023 pus
667 954 731 1006 mala
754 972 798 1007 sua
816 956 924 1007 inunctis
938 956 1015 1008 oculis
1033 959 1115 1026 persi·

59 1038 123 1090 vitio
132 1039 250 1106 petitum,
261 1038 288 1089 in
297 1054 350 1101 eos,
358 1053 421 1106 quos
430 1047 570 1090 rontemne-
604 1038 665 1090 dere
675 1059 689 1088 s
701 1038 807 1101 dieitur3
820 1049 846 1092 et
854 1040 920 1109 apud
928 1039 1053 1104 Persium,
1062 1041 1115 1094 Sat.

59 1123 183 1183 bannales
192 1122 332 1190 regessisse.
341 1119 569 1191 lipprbsdoautem
606 1122 642 1189 V,
658 1124 810 1176 tu.1·2n.-
822 1126 936 1188 anun,
955 1127 1053 1196 rapula
1067 1144 1115 1197 qus

58 1224 129 1277 eque
140 1225 169 1260 ae
184 1207 291 1261 coecitas
306 1204 455 1258 transfertur
466 1205 497 1257 ad
511 1206 569 1257 ani·
605 1206 665 1260 libri
676 1218 701 1260 et
709 1209 801 1262 cburtn
812 1209 976 1264 abdebantur.
988 1211 1038 1264 En.

95 1578 231 1630 Αιιιιιιιι.
254 1575 363 1644 liujusue
380 1576 468 1629 Satius
486 1576 560 1628 initio
572 1594 654 1630 secun
667 1576 757 1646 querit
775 1584 847 1646 poeta
863 1595 920 1647 qun
936 1595 1010 1631 ceum
1026 1580 1060 1633 sit
1073 1597 1118 1635 cur

60 1677 133 1719 tante
149 1666 322 1718 inconstantia
337 1666 389 1716 sint
402 1666 533 1725 homines,
545 1677 574 1718 ut
582 1683 626 1717 sun
635 1666 777 1719 conditione
786 1684 911 1736 uunquam
920 1670 1029 1721 oonteuti
1040 1670 1119 1732 ,alio-

60 1771 116 1805 num
125 1771 225 1822 semper
235 1751 283 1804 sibi
292 1751 481 1820 concupiscant3
496 1760 570 1802 tantas
580 1762 661 1803 autem
671 1751 788 1815 feritatis,
800 1763 828 1804 ut
837 1753 945 1805 oblatum
957 1757 1117 1810 mutationem

60 1844 201 1912 repudient.
219 1841 292 1892 lluuc
306 1851 388 1892 autent
405 1841 516 1892 suimurn
533 1840 678 1892 bominibus
691 1840 747 1893 ideo
758 1858 812 1893 osse
826 1842 862 1893 ait
874 1853 960 1910 poeta,
970 1844 1035 1913 quod
1049 1855 1119 1914 parta

62 1949 187 2001 uunquam
213 1931 274 1982 satis
290 1931 412 1992 babeant,
430 1939 457 1982 et
470 1946 570 1998 semper
582 1929 687 1996 majores
701 1929 801 1981 divitias
817 1947 904 1998 perure
922 1932 1011 1985 uelint.
1030 1933 1118 1987 Vitam

60 2021 153 2072 scilicet
168 2020 297 2071 laboribus
310 2027 457 2071 consumunt
467 2018 630 2087 parandisque
645 2017 750 2086 opibus,
761 2017 867 2086 quibus,
879 2030 906 2070 ut
920 2018 1000 2084 aiunt,
1015 2021 1118 2074 otiosam

61 2119 212 2161 senectutem
228 2111 318 2161 ducant
327 2128 335 2177 3
345 2118 371 2159 et
381 2108 445 2160 nihil
459 2125 566 2177 uuquam
582 2125 597 2159 e
613 2108 664 2159 suis
677 2105 800 2159 thesauris
813 2108 843 2159 sd
855 2108 911 2159 vitre
923 2109 1064 2163 felicitatem
1075 2113 1118 2165 de-

62 2197 171 2249 trabunt.
185 2195 251 2263 Quis
261 2207 343 2248 autem
356 2206 393 2246 est
405 2195 460 2246 auri
473 2195 575 2258 fructus,
587 2194 637 2245 nisi
648 2194 691 2246 illo
701 2193 805 2246 utatur?
815 2207 858 2246 aut
867 2213 983 2265 quorsum
998 2207 1070 2249 tantur
1079 2200 1119 2251 di-

63 2285 146 2351 vitiae,
158 2301 238 2354 quum
256 2283 336 2336 multo
355 2284 462 2336 minoren
479 2282 602 2334 advitam
620 2280 716 2334 felicem
735 2282 796 2333 satis
812 2281 881 2335 sint?
894 2300 944 2334 non
957 2283 1012 2351 plus
1026 2286 1119 2338 scilicet

63 2374 191 2426 manducat
207 2373 251 2442 qui
266 2372 335 2425 mille
341 2373 426 2440 jugera
439 2371 563 2439 possidet,
572 2387 645 2439 quam
658 2370 702 2439 qui
715 2378 828 2432 centum
846 2387 891 2423 nso
902 2372 986 2423 minus
997 2390 1029 2424 ex
1039 2374 1117 2437 fonte,

63 2477 133 2529 quam
144 2478 175 2512 er
187 2460 310 2525 flumine,
323 2476 391 2528 aquae
405 2458 518 2529 pontium
530 2459 624 2510 haurit.
635 2457 691 2510 Nec
701 2456 777 2522 magis
789 2457 882 2508 divitias
891 2459 1029 2526 querende
1042 2469 1119 2522 sunt,

65 2557 93 2598 ut
102 2547 133 2599 ab
142 2544 200 2598 aliis
212 2544 379 2610 :estimemur3
395 2562 481 2597 avarus
494 2545 560 2597 enirn
574 2561 589 2595 a
600 2543 691 2612 populo
700 2542 803 2604 ridetur,
814 2552 840 2594 et
854 2559 899 2611 pro
907 2543 985 2609 gloria
994 2545 1059 2596 nibil
1070 2545 1119 2597 uisi

65 2650 184 2685 erumnas
196 2633 288 2684 babet:
307 2641 393 2684 cuncta
405 2632 454 2682 sibi
466 2641 547 2697 negat,
561 2629 628 2681 nulla
643 2647 670 2681 re
686 2629 796 2694 fruitur;
809 2644 906 2697 semper
917 2631 1006 2697 opibus
1016 2631 1118 2697 metuit;

63 2735 159 2786 semper
170 2718 248 2782 fures,
259 2727 284 2769 et
295 2734 376 2769 servos
389 2718 467 2768 timet.
481 2714 592 2767 Avaritia
602 2716 677 2765 etiarn
690 2714 845 2782 repelluntur
853 2714 926 2765 amici
936 2723 962 2766 et
973 2716 1114 2784 propinqui.

65 2802 103 2854 Ne
114 2813 210 2866 tumen,
224 2812 253 2852 ut
267 2801 395 2852 avaritiam
414 2799 553 2865 fugiamus,
571 2797 665 2866 prodigi
685 2813 713 2848 ac
731 2795 868 2848 nebulones
883 2798 988 2865 liumus3
1011 2800 1117 2853 mediam

65 2893 126 2943 siam
135 2908 282 2960 sequamur:
297 2891 323 2941 in
333 2891 414 2941 medio
422 2905 480 2940 reru
493 2889 614 2956 sapientia
627 2897 672 2938 est.
685 2885 735 2952 Qui
748 2896 841 2952 autern,
853 2904 978 2956 nunquam
989 2899 1118 2943 contentus

64 2995 106 3029 sua
114 2977 257 3030 uenditione
267 2994 294 3028 se
301 2976 460 3028 divitioribus
469 2991 567 3042 semper
575 2983 707 3042 comparat,
715 2990 805 3041 eosque
816 2973 898 3024 studet
904 2992 1030 3043 superare,
1041 2996 1118 3046 usque

65 3068 205 3118 ιιιιιιοιιειιι
216 3065 309 3117 insidia
318 3074 344 3116 ct
352 3064 459 3115 miseriis
470 3062 598 3115 laborabit.
606 3061 772 3127 En-ttujus
783 3060 880 3127 satire,
891 3061 917 3113 in
930 3080 979 3130 qua
989 3063 1117 3119 homiuum

65 3153 149 3206 levitas
163 3162 240 3220 atque
251 3150 416 3203 inconstantia
425 3159 575 3218 carpuntur,
589 3165 684 3201 summa
698 3165 726 3200 ac
738 3158 884 3217 preceptum
901 3159 956 3216 est,
973 3152 1119 3222 utquisque

63 3250 127 3292 sorte
138 3257 184 3292 sna
194 3240 266 3291 laetus
278 3236 487 3305 sapientersivat.
500 3235 572 3302 Quod
581 3236 753 3287 documentum
768 3235 828 3287 adeo
843 3253 927 3287 rerum
937 3235 1025 3288 babuit
1036 3237 1120 3291 llora·

67 3326 122 3393 tius,
132 3338 162 3379 ut
174 3326 247 3387 illud,
255 3326 306 3391 jam
319 3326 344 3375 in
356 3322 419 3375 Odis
431 3323 565 3391 saepissime
575 3312 728 3391 expressum,
742 3321 768 3372 in
780 3321 869 3373 Satiris
879 3323 953 3374 etiam
965 3332 990 3375 et
998 3323 1119 3392 Epistolis
1223 3324 1230 3339 '

65 3413 265 3482 frequentissime
278 3427 407 3461 recurrens
419 3409 580 3478 reperiamus.
593 3437 629 3446 —
639 3408 687 3459 llic
703 3407 856 3470 notandum,
877 3408 984 3460 Satiram
1002 3410 1118 3462 adsersus

66 3497 177 3552 homines
194 3514 320 3567 nunquam
337 3513 381 3547 sua
391 3508 456 3547 sorte
468 3506 593 3547 contentos
604 3506 629 3547 et
639 3512 722 3550 avaros
739 3533 747 3558 ,
762 3495 792 3546 sd
810 3494 969 3547 Mecenatern
982 3497 1043 3565 qui,
1061 3497 1119 3549 licet

66 3587 127 3654 epud
137 3585 277 3651 Augustum
289 3582 394 3633 multum
409 3583 516 3648 valeret,
527 3600 605 3651 usque
621 3582 652 3632 ad
665 3591 769 3633 mortem
785 3592 867 3633 tamen
883 3581 909 3632 in
924 3582 1018 3648 privata
1029 3585 1117 3637 condi·

68 3675 131 3728 fitne
143 3674 296 3745 permansit,
307 3673 399 3742 equitis
413 3672 517 3724 Romani
530 3671 686 3723 hereditaria
699 3671 820 3737 dignitate
833 3681 975 3737 contentus,
986 3682 1010 3724 et
1022 3691 1119 3742 semper

68 3762 152 3829 opibus
166 3761 295 3827 magnifice
306 3778 365 3811 usus
381 3770 435 3827 est,
449 3777 497 3811 non
519 3761 574 3811 sine
595 3759 721 3825 ingenioso
736 3775 837 3826 prorsus
852 3774 880 3809 ac
893 3759 990 3810 decenti
1003 3761 1117 3812 Ιιιιιᾰιιιιιί

68 3849 136 3901 uoto
145 3847 262 3916 scriptam
275 3864 344 3898 esse:
355 3847 391 3897 sie
400 3847 505 3914 primam
515 3845 637 3913 Oderum,
645 3844 758 3914 Epodon,
766 3855 791 3897 et
800 3844 967 3913 Epistularum
977 3847 1120 3901 solemniter

67 3938 143 3989 eidem
157 3938 236 3989 arnico
245 3934 377 3988 dedicavit.
392 3936 439 3986 En.
