2664 5242
201 869 224 940 8
485 860 530 944 Q.
556 852 766 924 HORATll
790 848 966 918 FLaccl

201 1007 376 1096 Quatenus
391 997 428 1068 id
444 995 541 1066 facit:
560 1008 599 1063 ut
613 990 750 1087 quidam
767 1001 973 1057 memoratur
986 985 1126 1055 Athenis

201 1118 363 1193 Sordidus
379 1141 419 1186 ac
437 1114 529 1183 dives
548 1109 665 1206 populi
682 1122 899 1179 contemnere
915 1129 1013 1174 voces
1211 1098 1253 1158 65

202 1241 257 1310 sic
273 1235 388 1307 solitus
400 1261 408 1303 ε
419 1263 436 1297 a
448 1229 596 1326 Populus
613 1255 668 1299 me
685 1225 815 1315 sibilat,
832 1225 966 1293 etmihi
982 1221 1105 1317 plaudo

202 1388 221 1425 s
232 1362 310 1453 Ipse
326 1354 438 1442 domi,
456 1347 554 1420 simul
572 1374 611 1418 ac
628 1371 784 1416 nummos
802 1342 1014 1438 contemplor
1031 1343 1067 1412 in
1086 1364 1175 1409 arca.
1188 1368 1208 1404 s

204 1472 364 1547 Tantalus
381 1498 400 1541 a
416 1469 519 1541 labris
536 1469 651 1537 sitiens
667 1465 831 1561 fugientia
847 1476 961 1557 captat

204 1594 406 1665 Flumina...
426 1588 506 1684 quid
524 1585 635 1656 rides?
652 1597 783 1654 mutato
799 1582 951 1668 nomine,
969 1580 1011 1649 dc
1028 1593 1062 1648 te

205 1712 332 1785 Fabula
348 1724 523 1782 narratur:
543 1705 711 1802 congestis
727 1702 876 1796 undique
892 1702 995 1770 saccis
1221 1718 1259 1771 70

205 1831 377 1903 Indormis
392 1827 545 1913 inhians,
562 1838 596 1892 et
613 1839 783 1917 tamquam
802 1844 941 1915 parcere
956 1820 1060 1889 sacris

208 1951 365 2047 Cogeris,
383 1962 441 2016 aut
458 1946 555 2039 pictis
572 1959 743 2036 tamquam
761 1941 907 2038 gaudere
922 1937 1063 2008 tabellis.

208 2070 326 2141 Nescis
343 2092 409 2162 quo
426 2062 535 2133 valcat
552 2061 731 2132 nummus?
745 2085 844 2157 quem
862 2059 1010 2154 prebeat
1026 2057 1145 2128 usum}¹

210 2300 271 2353 r'lh'?
279 2300 401 2367 quomodo
416 2300 455 2351 illi
467 2298 609 2352 succurras?
618 2328 653 2339 -
662 2302 713 2370 ju·
749 2315 805 2351 cum
814 2295 915 2350 Tantali
929 2295 1029 2347 nornine
1040 2294 1262 2359 numericam-

210 2386 270 2438 beas
278 2386 400 2436 miserum
411 2401 474 2442 esse,
486 2394 531 2435 etc.
544 2384 611 2443 Sino,
621 2401 712 2453 quaeso,
749 2384 788 2449 gie
807 2385 833 2434 in
852 2394 878 2435 te
895 2382 1034 2451 quadram
1053 2379 1261 2448 quemadmodum

210 2486 267 2525 eum
279 2470 395 2523 miserum
405 2486 472 2529 esse,
483 2469 598 2537 quoniam
612 2485 668 2520 eum
681 2469 715 2520 ita
749 2469 817 2521 enirn
839 2468 881 2519 ille
900 2466 1000 2518 ridebat
1018 2465 1118 2533 quidem
1138 2474 1198 2515 ante
1219 2479 1262 2516 ora

210 2570 281 2621 agere
298 2562 323 2605 et
335 2552 437 2620 proinde
451 2551 568 2603 miserum
575 2568 629 2603 esse
638 2552 715 2616 jurat.
753 2569 850 2620 aquam,
861 2568 906 2602 nec
916 2561 997 2600 umen
1008 2565 1062 2599 earn
1070 2548 1212 2610 hauriebat,
1228 2549 1264 2599 tte

212 2637 407 2700 -Quatenus‚
424 2634 639 2703 quandoquidem,
653 2651 717 2702 quo·
755 2645 781 2687 tu
797 2652 926 2697 nummos,
938 2644 1053 2702 tanquam
1067 2632 1145 2700 pictas
1155 2631 1261 2694 tabulas,

212 2716 347 2772 niamod.
357 2718 473 2784 lllstt,
484 2728 533 2769 ὕοι
548 2729 716 2788 «quotenus,
752 2718 941 2786 contemplaris,
956 2736 1002 2769 nec
1017 2734 1089 2768 usum
1101 2734 1131 2768 ex
1143 2717 1175 2767 iis
1187 2718 1263 2784 capis.

214 2805 264 2857 bes
280 2804 363 2856 nefas!
375 2804 491 2855 virtutem
507 2802 653 2855 incolumem
661 2803 718 2854 odi·
753 2800 922 2874 -undiquc,
936 2819 967 2854 er
978 2802 1094 2852 omnibus
1104 2800 1164 2852 locis
1176 2811 1203 2852 et
1211 2819 1264 2853 om·

213 2906 277 2941 mus.
289 2908 304 2938 s
313 2916 348 2929 —
357 2885 464 2959 quidam
476 2903 578 2937 memor,
590 2884 715 2945 Alliensi,
754 2888 829 2938 nibus
838 2887 931 2952 modis,
941 2902 987 2953 per
997 2884 1035 2936 ins
1046 2894 1071 2934 ct
1084 2884 1162 2934 netas.
1171 2884 1219 2935 En.
1229 2912 1265 2923 -

215 2972 344 3033 homines,
361 2971 441 3040 qualis
462 2970 503 3022 hic
518 2967 625 3022 Athenis
644 2969 720 3021 luisse
755 2968 895 3028 Indomitis,
911 2985 998 3020 avarus
1010 2966 1267 3018 scilicetmetucnsna

213 3065 337 3114 narratur,
354 3054 447 3122 ubique
461 3054 571 3118 gentium
587 3053 720 3119 reperinn·
758 3056 798 3105 lur
809 3072 869 3120 opes
879 3054 980 3120 eripiat.
992 3053 1024 3102 iis
1035 3051 1133 3102 innabat
1142 3060 1168 3101 et
1178 3050 1266 3102 indor-

215 3146 265 3188 tur.
277 3136 396 3202 Respexit
407 3136 482 3200 igitur
495 3135 597 3186 tortasse
605 3145 686 3202 poeta,
694 3146 723 3185 ut
759 3140 812 3189 nsit.
831 3139 867 3189 Dc
877 3154 949 3188 avaro
959 3136 1070 3188 lucilius
1079 3136 1152 3199 Frag.
1163 3134 1266 3201 litavi,

215 3228 285 3285 putat
293 3216 461 3279 Heindorfius,
469 3216 605 3270 homanum
615 3217 722 3285 aliquem
759 3223 847 3275 initio:
860 3241 874 3269 a
885 3221 1000 3287 bulgum,
1018 3231 1043 3272 et
1054 3217 1175 3289 quidquid
1191 3220 1269 3272 babet

215 3302 373 3363 nobiliorem,
380 3318 465 3370 quem,
475 3303 535 3352 satis
545 3311 630 3353 notum
640 3303 723 3354 omni·
759 3324 912 3359 nummorum
922 3345 929 3371 ,
941 3322 1022 3359 semum
1033 3305 1108 3356 habet
1119 3305 1187 3372 ipre:
1202 3304 1267 3356 Cum

216 3386 272 3453 bus,
282 3386 382 3438 insidia
391 3386 509 3437 evitandae
517 3403 589 3438 causa
596 3387 724 3438 nominare
759 3391 935 3455 bulgarorum,
949 3389 1050 3453 dormit,
1060 3388 1134 3439 lavit:
1148 3387 1231 3439 omnis
1243 3388 1268 3438 in

216 3471 350 3524 noluic-
364 3469 480 3539 Populus
500 3486 540 3520 ms
560 3468 661 3530 sibilat,
682 3470 724 3521 ille
759 3489 809 3524 nna
829 3472 889 3540 Spes
913 3472 1021 3524 hominis
1041 3470 1132 3535 balga,
1154 3470 1200 3522 bac
1222 3472 1269 3523 da·

217 3574 277 3609 tane
292 3573 341 3608 non
362 3555 457 3607 landem
476 3556 565 3622 opibus
581 3555 724 3620 obtinebat,
759 3558 841 3609 vineta
852 3554 1271 3610 estoeterarita.»En.-sishr'nm

218 3639 329 3697 caldum
341 3655 385 3690 sua
396 3637 467 3706 culpa
483 3638 559 3689 miser
575 3636 725 3689 etidoode·
760 3643 929 3708 κιχηνώς).,..,
955 3641 1058 3692 iulum
1076 3642 1209 3697 dicuntur.
1225 3643 1269 3710 qui

220 3722 338 3776 ridendus
349 3722 438 3775 ueteris
454 3722 588 3786 rideretur,
598 3738 652 3772 sese
659 3721 726 3773 diri·
761 3727 847 3778 hiante
854 3726 925 3795 quasi
936 3743 980 3777 oro
990 3724 999 3791 (
1005 3726 1029 3775 b.
1041 3742 1064 3777 e.
1071 3742 1166 3776 summa
1173 3724 1271 3792 capidi·

221 3807 310 3858 tiaram
321 3815 420 3874 aspectu
430 3805 561 3856 solabatur·
571 3804 618 3854 En·
762 3811 827 3880 tate)
837 3810 910 3860 alicui
922 3810 958 3860 rei
972 3809 1118 3867 imminent,
1128 3817 1178 3860 toto
1187 3809 1272 3858 animo

257 3900 300 3943 (tt.
316 3889 477 3941 Tantalum
495 3888 651 3949 heberhctc
667 3889 727 3955 Tu,
763 3894 790 3945 in
807 3892 1018 3961 aliquamdehsi
1036 3900 1153 3943 sunt-
1170 3891 1272 3953 meris,

220 3973 264 4042 qui
277 3989 389 4024 nummos
407 3972 728 4024 inarcatantumcontem·
764 3995 803 4029 res
824 3994 904 4028 sacras
924 3976 1060 4029 sacerdotes
1084 3986 1178 4026 tantum
1201 3975 1272 4027 modo

222 4054 308 4124 pletis,
317 4071 363 4106 nec
370 4072 440 4105 usum
450 4055 507 4105 inde
515 4052 591 4122 capis,
601 4056 665 4107 idem
677 4057 729 4108 lere
765 4071 873 4126 tangere,
887 4059 949 4111 nihil
962 4069 1043 4111 autem
1053 4076 1084 4110 ex
1096 4058 1127 4110 iis
1141 4058 1272 4110 detrahere

222 4137 365 4206 fecis,quod
374 4137 439 4205 apud
448 4139 540 4190 inferos
549 4138 679 4204 Tantalus,
686 4141 729 4209 qui
765 4144 885 4197 velebant.
893 4145 976 4195 En-
981 4145 1057 4214 pa'ctr's
1067 4156 1192 4213 unquam
1200 4159 1272 4209 gnra·

220 4222 310 4275 sitiens
322 4238 425 4291 aquam,
443 4240 457 4274 a
474 4223 552 4274 labris
568 4225 729 4289 refugientem
764 4228 825 4280 dere
845 4229 965 4293 tabellis,
987 4229 1057 4296 picta
1075 4228 1167 4278 scilicet
1184 4225 1272 4278 tabula

222 4304 729 4378 captat—qusilu'des?Quidad'lantali
765 4311 851 4364 serlulo
872 4322 1014 4372 sanantur,
1037 4313 1196 4379 respiciendae
1217 4322 1272 4362 tan-

223 4401 306 4444 notam
321 4391 428 4444 fabulam
443 4391 525 4443 rides?
535 4393 583 4443 En.
593 4404 730 4445 -mututo
767 4407 838 4461 tnm,
855 4414 904 4447 aon
921 4407 1002 4447 autom
1019 4396 1151 4461 tangendas.
1163 4396 1211 4445 En.

224 4478 341 4536 marrire,
353 4488 399 4532 etc.
417 4477 551 4530 Enimvero
565 4494 611 4538 ca,
628 4496 684 4546 quas
698 4479 730 4530 dc
803 4492 844 4532 ta.
864 4482 956 4532 Nescis
970 4499 1022 4551 quo
1032 4481 1119 4531 analect
1132 4478 1273 4529 nutrimus?

224 4560 330 4614 'l'antalo
346 4564 490 4628 linguntur.
509 4563 530 4612 si
552 4579 639 4627 ironica
662 4573 730 4613 uuam
767 4564 806 4615 ha
825 4566 903 4618 nescis
920 4583 970 4633 quo
991 4575 1083 4631 eructet
1099 4564 1275 4616 nummiriset
