2664 5242
138 846 186 929 40
423 845 467 933 Q.
495 844 705 917 nonanti
730 848 907 920 runem

137 987 218 1053 Jum
235 984 371 1052 inventa
387 998 479 1053 metu
497 985 613 1078 injusti
631 985 759 1055 fateare
777 1012 913 1059 neeesse
929 1006 996 1082 est,

137 1105 306 1197 Tempora
321 1105 350 1172 si
368 1102 535 1199 fastosque
551 1103 635 1173 velis
652 1104 806 1176 evolvere
824 1109 953 1180 mundi.

137 1219 210 1287 Nec
229 1234 348 1289 natura
364 1235 475 1315 potest
488 1222 579 1315 justo
595 1246 771 1293 secernere
787 1227 957 1321 iniquum,

137 1336 270 1408 Dividit
285 1355 323 1410 ut
340 1342 430 1410 bona
447 1340 603 1430 diversis,
620 1341 780 1438 fugienda
798 1346 973 1439 petendis:

138 1456 211 1525 Nec
224 1459 335 1529 vincet
347 1460 434 1529 ratio
447 1459 523 1549 hoo,
538 1460 750 1532 tantumdem
766 1479 802 1533 ut
814 1480 932 1557 peccet
944 1464 1116 1561 idemque,
1138 1488 1191 1546 115

136 1576 205 1665 Qui
225 1593 357 1649 teneros
376 1578 486 1649 caules
504 1577 606 1651 alieni
624 1581 765 1678 fregerit
781 1583 892 1671 horti,

137 1698 182 1764 Et
197 1697 253 1790 qui
271 1713 454 1770 nocturnus
469 1700 596 1769 Divum
613 1726 708 1771 sacra
726 1699 863 1797 legerit3
884 1702 973 1774 adsit

137 1812 285 1911 Regula,
302 1817 448 1909 peccatis
463 1840 537 1910 quae
554 1842 669 1911 poenae
687 1819 814 1914 irroget
829 1844 957 1913 aequas,

136 1933 209 2003 Nec
225 1935 351 2003 scutica
367 1933 509 2030 dignum
528 1933 687 2005 horribili
703 1951 832 2005 sectere
847 1934 994 2031 flagelio.

139 2053 227 2121 Nam
245 2068 283 2123 ut
300 2051 407 2122 ferula
423 2052 530 2123 caedas
546 2055 704 2124 meritum
723 2056 854 2151 majora
869 2056 983 2125 subire
1141 2074 1195 2111 1²⁰

137 2172 307 2259 Verbera,
327 2198 393 2241 non
411 2197 547 2260 vereor,
563 2198 667 2265 quum
684 2171 794 2261 dieas,
811 2198 882 2241 esse
900 2198 999 2268 pares
1016 2198 1072 2244 res

137 2292 240 2359 Furta
256 2287 458 2378 latrociniis,
477 2304 511 2358 et
529 2290 660 2384 magnis
677 2313 781 2384 parva
801 2290 939 2359 mineris

137 2406 236 2478 Falce
254 2408 439 2479 recisurum
458 2407 561 2477 simili
577 2424 629 2497 te,
645 2408 679 2477 si·
694 2408 757 2477 tibi
773 2433 914 2504 regnum

136 2622 217 2681 grege
227 2620 321 2659 taurin
331 2624 365 2659 nc.
382 2606 443 2660 attoe
459 2615 542 2659 tauron
552 2606 648 2657 viribus
682 2624 759 2659 canon
780 2624 799 2658 e.
818 2623 920 2671 norma,
938 2624 959 2659 e.
974 2616 1040 2661 certa
1052 2605 1135 2675 legum
1149 2609 1196 2661 tor

137 2694 288 2747 eminentior
299 2693 379 2744 oedit.
684 2690 765 2753 mula,
777 2691 803 2741 in
815 2701 931 2758 promptu
943 2692 976 2742 eit
987 2708 1087 2744 neeesse
1101 2704 1149 2745 eat.
1164 2722 1197 2731 -

175 2790 236 2831 tta.
254 2778 328 2829 Metu
341 2776 449 2848 injusti,
468 2775 533 2843 legen
549 2792 577 2827 ae
591 2775 648 2842 jura
680 2793 773 2845 paenm
783 2794 874 2846 equas
882 2780 1013 2847 peccatis,
1025 2777 1198 2843 antgnviori—

139 2862 197 2915 ideo
205 2872 312 2931 repertu,
322 2872 351 2913 ut
360 2862 487 2914 boninum
501 2861 648 2928 injustitiam
684 2860 730 2911 bue
749 2870 791 2909 aut
811 2860 945 2912 levioribus
964 2860 1156 2913 accommodatae
1175 2878 1196 2912 a.

137 2947 221 3000 aerim
227 2946 426 3015 eomprimerent.
434 2940 649 3014 lin-samque
685 2944 868 3011 numndentea.
879 2970 916 2983 -·
924 2944 1094 3011 tenuemque
1106 2942 1199 2995 leviora

136 3030 238 3089 masidi,
254 3041 280 3083 et
295 3032 406 3091 annates,
422 3032 448 3081 in
461 3030 555 3099 quibua
565 3046 648 3081 renim
685 3039 782 3096 peecata
802 3028 988 3095 puniebantur;
1003 3028 1141 3097 flagello,
1165 3031 1199 3080 ita

139 3119 165 3170 in
175 3117 268 3168 mundo
275 3116 382 3181 origines
390 3114 649 3179 tenstgnatamnt.-
686 3112 745 3164 ioris
762 3112 881 3181 nodisque
896 3122 1011 3165 eontexto
1027 3120 1158 3181 tortoque,
1170 3122 1198 3163 ut

140 3202 198 3253 Nee
210 3213 264 3251 irat.
277 3212 366 3269 potest,
377 3210 424 3250 etc.
436 3198 541 3249 Sensus:
556 3195 648 3262 Quem-
685 3196 716 3247 ad
730 3206 832 3247 mortem
844 3196 975 3265 unque(cf.
988 3212 1058 3263 supr.
1072 3207 1099 3262 t,
1112 3208 1141 3259 e,
1154 3198 1197 3265 tt)

141 3284 272 3335 admodum
293 3292 381 3333 natura
398 3296 444 3347 per
460 3298 487 3331 se
505 3280 618 3349 iniquum
636 3296 650 3331 a
686 3298 716 3333 ro
729 3281 883 3333 dederentur
893 3281 956 3332 sarri
965 3290 992 3332 et
1001 3280 1104 3333 malefici
1119 3301 1127 3347 ς
1140 3282 1200 3332 hine

138 3372 207 3434 justo
220 3384 346 3419 secernere
357 3366 458 3434 nequit,
469 3366 581 3434 quamvis
590 3367 650 3430 (ut)
688 3366 748 3418 illud
757 3367 808 3432 jam
820 3367 912 3418 dicitur
924 3364 1054 3417 lienibile.

140 3454 205 3503 bona
224 3461 249 3503 et
267 3449 348 3511 matu,
361 3448 467 3517 petenda
480 3459 506 3501 et
518 3449 650 3515 fugienda,
726 3464 785 3504 tao.
799 3453 866 3503 Nam
882 3462 943 3504 m...
958 3468 1011 3502 non
1021 3466 1124 3509 vereor,
1140 3468 1199 3505 nan

141 3533 231 3588 detdic
246 3531 400 3602 (distinguit,
414 3532 545 3599 separatim
560 3548 650 3599 propo·
687 3545 715 3587 ut
727 3536 805 3587 cedas
819 3536 911 3595 ferula,
924 3545 971 3587 eto.
984 3551 1033 3585 non
1046 3534 1200 3597 hoerereor,

140 3619 193 3687 nit)
212 3620 246 3670 ita
264 3617 400 3669 Stoieorum
418 3614 574 3683 philosophia
592 3632 651 3681 pro-
686 3636 736 3671 non
748 3636 834 3671 rereor
851 3636 883 3669 ne
899 3618 976 3669 tedae
993 3616 1143 3669 ferulaeunr
1154 3618 1200 3687 qui

142 3705 202 3755 bare
214 3713 240 3753 et
256 3702 368 3753 evincere
379 3716 428 3751 non
442 3699 533 3765 poterit
543 3699 605 3759 hoe,
623 3707 651 3749 ut
687 3704 765 3770 majus
779 3702 926 3771 supplicium
938 3701 1043 3753 meritus
1056 3710 1093 3751 eet
1100 3738 1109 3766 ,
1120 3718 1201 3769 quun

143 3790 165 3842 is
174 3828 181 3850 ,
190 3788 234 3857 qui
245 3798 342 3839 teneros
351 3784 431 3837 cautes
444 3785 469 3835 in
486 3786 559 3837 horto
570 3784 651 3837 atiena
687 3788 753 3840 dican
768 3788 873 3839 crimina
889 3786 971 3837 omnia
986 3784 1055 3851 paria
1066 3800 1137 3851 esse,
1149 3795 1198 3838 ete.

142 3874 257 3940 fregerit,
271 3882 298 3923 et
313 3872 348 3927 is.
360 3873 402 3939 qui
414 3880 487 3921 noctu
496 3868 650 3935 sacrilegium
686 3874 735 3926 En.
744 3902 779 3912 -
791 3872 874 3924 simili
885 3888 919 3923 ee.
931 3870 955 3923 ei
968 3870 1022 3921 nter
1032 3908 1040 3932 ,
1052 3886 1103 3938 qua
1112 3886 1201 3937 magna

141 3959 322 4017 fecerit‚unum
333 3956 446 4023 idemque
455 3965 578 4022 peceatum
587 3971 651 4006 oom-
687 3959 845 4023 reciduntur,
864 3972 970 4008 mene:
988 3964 1013 4005 et
1033 3955 1155 4022 minoris,
1178 3968 1202 4007 te

141 4042 259 4100 mittant,
271 4038 453 4091 niventomnia
466 4049 562 4105 peraeta
582 4040 651 4106 paria
687 4043 768 4111 par-ris
779 4056 887 4109 nemeae
902 4038 996 4105 magnis
1008 4054 1091 4105 parem
1101 4056 1201 4105 menan

142 4126 202 4177 sint.
212 4152 247 4161 -
260 4134 357 4173 teneros
371 4120 461 4172 carries
473 4139 508 4173 eo.
524 4121 650 4203 bruniae,
688 4127 852 4192 irrogaturum
862 4141 927 4189 esee,
937 4122 1000 4184 eive,
1010 4130 1035 4172 te
1043 4136 1117 4187 parva
1129 4138 1203 4191 mque

144 4220 173 4262 ut
187 4208 247 4260 infr.
263 4206 314 4257 Sat.
328 4206 365 4271 11,
378 4215 404 4263 t,
419 4218 464 4258 tt:
478 4207 579 4258 «cautis
590 4207 652 4258 aub-
686 4224 714 4261 ae
738 4224 823 4274 magna
845 4208 931 4259 eadent
954 4218 1026 4273 poena
1049 4202 1200 4257 affectorum

143 4296 261 4347 urbanus.
270 4312 284 4340 a
293 4287 452 4359 -fiegen’t,
464 4291 553 4343 fractos
564 4290 650 4360 (arul-
687 4310 748 4347 ease.
761 4322 796 4331 -
808 4293 835 4343 si
852 4292 901 4343 tibi
919 4306 1030 4363 regnum
1047 4288 1203 4343 Permittant

143 4383 197 4442 noe)
207 4375 544 4429 abstulerit-nocturnus.
557 4374 648 4427 Catuli.
687 4375 815 4433 immines,
827 4376 939 4429 mnnulto
950 4394 1009 4429 naun
1019 4387 1058 4429 ent
1069 4388 1144 4447 poeta
1153 4380 1201 4431 har

145 4462 231 4523 txtt,
242 4473 275 4513 at
286 4480 292 4511 ε
306 4480 320 4507 α
331 4469 402 4511 noete
412 4460 490 4510 intent
503 4460 576 4511 fures.
590 4480 604 4507 a
616 4490 650 4499 -
688 4462 855 4519 tomitanam
865 4480 971 4529 mreurn
981 4464 1108 4516 omnmnde
1117 4476 1199 4515 tranr-

145 4548 211 4601 mfiit
228 4548 339 4615 regulet
358 4549 439 4614 itaque
457 4545 570 4607 neuim,
586 4546 611 4593 tr.
626 4564 648 4593 e.
690 4545 735 4596 iret
752 4546 782 4595 :id
799 4546 846 4597 alia
860 4546 962 4599 ridenda
974 4548 1111 4599 Stoicorum
1124 4566 1201 4615 rura-
