2664 5242
1272 403 1300 427 -e

1262 528 1274 547 Ι

227 862 273 947 aa
508 854 553 942 Q.
580 853 788 925 uenatu
813 832 1024 926 relect

222 1001 263 1071 'Si
281 996 335 1068 cui
347 992 440 1087 ⁴filius
458 1007 525 1081 est,
541 1007 579 1063 ut
596 991 769 1065 abortivus
787 990 851 1062 fuit
868 989 950 1063 olim

224 1114 407 1211 ·Sisyphus;
424 1112 516 1181 hunc
531 1135 650 1181 varum
668 1108 818 1183 distortis
835 1111 1007 1201 cruribus;
1022 1109 1118 1182 illum

228 1234 377 1308 Balbutit
394 1255 548 1302 scaurum
567 1230 680 1326 pravis
699 1229 819 1301 fultum
839 1231 927 1301 male
945 1228 1033 1304 'talis

228 1354 365 1427 Parcius
381 1352 439 1423 hio
457 1350 563 1420 vivit?
580 1349 671 1447 frugi
687 1349 838 1421 dicatur:
857 1351 992 1447 ineptus

229 1477 271 1545 Et
286 1470 470 1568 jactantior
485 1468 542 1539 hic
558 1464 671 1563 paullo
688 1468 758 1538 estl
773 1468 958 1539 concinnus
973 1470 1091 1541 amicis
1244 1469 1280 1527 5⁰

226 1590 378 1664 Postulat
394 1604 431 1659 ut
447 1586 620 1657 videatur:
638 1601 674 1655 at
691 1600 742 1656 est
761 1585 994 1675 truculentior,
1008 1604 1109 1684 atque

230 1710 303 1781 Plus
320 1732 415 1803 aequo
434 1705 543 1776 liber?
561 1703 704 1800 simplex
721 1704 885 1801 sortisque
902 1705 1081 1778 habeatur.

227 1828 366 1901 Caldior
382 1826 453 1896 esti
471 1848 563 1894 acres
582 1825 671 1893 inter
688 1842 895 1896 numeretur.
913 1827 1066 1921 Opinor,

228 1953 307 2019 llaeo
323 1972 377 2017 res
393 1961 427 2016 et
441 1945 570 2040 jungit,
584 1944 719 2038 junctos
735 1960 770 2014 et
787 1960 900 2016 servat
916 1946 1053 2017 amicos.

275 2071 321 2140 At
339 2092 399 2135 nos
417 2065 556 2135 virtutes
572 2064 661 2159 ipsas
679 2064 894 2156 invertimus,
912 2081 1013 2160 atque
1108 2090 1111 2095 ·

227 2186 400 2255 Sincerum
418 2181 571 2277 cupimus
590 2205 647 2250 vas
663 2182 860 2253 incrustare.
878 2184 1009 2253 Probus
1024 2186 1098 2281 quis

226 2302 411 2373 Nobiscum
429 2299 532 2369 vivit?
549 2297 691 2370 multum
709 2316 760 2371 est
776 2299 940 2372 demissus
955 2303 1080 2374 homo:
1100 2301 1150 2373 illi

226 2540 343 2594 parvum,
360 2523 440 2592 qualis
461 2523 520 2575 olim
548 2523 597 2576 tuit
613 2523 735 2592 Sisyphus
771 2540 826 2576 nem
843 2525 953 2577 bominis
968 2525 1046 2594 inepti
1063 2525 1134 2577 dedit
1144 2523 1236 2579 Cicero
1250 2527 1281 2578 de

224 2608 350 2661 abortivus
368 2604 473 2673 (abortu
491 2606 558 2659 enim
578 2608 630 2659 nati
651 2607 733 2674 exigui
769 2604 842 2659 Orat.
861 2607 906 2674 Η,
928 2619 954 2661 ι.
974 2637 1011 2648 -
1027 2609 1173 2661 comanus
1191 2610 1282 2662 maeri

225 2692 335 2763 nemoris
351 2690 430 2742 solent
448 2707 501 2743 esse
519 2690 659 2759 homines),
675 2708 733 2743 eum
769 2690 888 2743 Postulat
908 2703 938 2743 ut
959 2690 1064 2752 velicat,
1086 2692 1108 2744 is
1129 2693 1184 2744 vult
1201 2694 1282 2748 rideri

225 2788 297 2848 pater
313 2775 403 2828 blande
423 2775 529 2844 appellat
540 2776 660 2847 ριιὶἱιιιη,
676 2793 734 2845 par-
768 2778 906 2830 eommodus
917 2777 1014 2844 amicis,
1025 2778 1137 2831 urbanus
1149 2795 1207 2846 erga
1216 2781 1284 2833 emi·

224 2863 324 2928 rulnm,
335 2875 440 2929 pupum.
450 2888 485 2899 -
497 2858 632 2931 Sisyphus.
649 2859 729 2914 Schol.
767 2878 817 2914 cos.
826 2862 951 2914 Eue-At
960 2875 998 2915 est
1004 2864 1102 2914 trucul.
1113 2874 1161 2917 etc.
1174 2875 1202 2917 nt
1212 2866 1281 2920 iero·

225 2948 304 3018 Cruq.
316 2967 330 2995 a
340 2946 379 2999 Μ.
398 2944 509 2999 Antonio
520 2945 665 2999 Triumrim
683 2963 732 3014 pu·
767 2944 821 2998 cius
830 2954 856 2998 et
864 2946 1009 2998 insolentius
1018 2964 1045 2998 se
1055 2947 1146 3015 effert,
1154 2958 1195 3016 et,
1204 2954 1282 3020 quid·

226 3033 297 3085 milio
314 3031 391 3082 luisse
402 3030 494 3082 dicitur
508 3029 575 3081 intra
594 3030 732 3099 bipedalem
768 3027 828 3097 quid
843 3029 869 3081 in
884 3030 983 3084 buccam
999 3032 1080 3098 venit,
1092 3035 1284 3102 pauloliberius

224 3126 358 3181 staturam,
378 3131 452 3183 quem
472 3113 524 3182 ipse
541 3113 674 3183 Sisyphum
687 3131 732 3183 ap-
770 3122 795 3166 et
812 3113 1039 3168 inconsiderantius
1056 3117 1160 3183 effutit;
1182 3120 1204 3172 is
1221 3122 1283 3172 arhe-

164 3264 167 3269 .
225 3200 332 3270 pellebat
341 3200 373 3251 ob
387 3197 479 3264 ingenii
490 3197 685 3250 calliditatem.»
767 3197 829 3267 pler
846 3195 909 3266 (qui,
922 3201 988 3268 quod
999 3200 1085 3265 sentit,
1096 3201 1217 3273 loquitur)
1221 3202 1284 3275 sor·

262 3296 308 3337 tt.
327 3285 407 3336 Hune
424 3299 520 3334 vorum
539 3280 665 3346 duwnr's,
684 3295 730 3337 ete.
767 3280 854 3353 tt'sque
865 3280 917 3351 (qui
927 3283 993 3336 nibil
1003 3284 1082 3355 timet)
1096 3283 1235 3340 babeaw.
1246 3318 1283 3329 -

226 3370 312 3424 Alium
334 3370 433 3433 fllium,
455 3367 525 3434 cujus
542 3384 613 3420 crura
630 3367 734 3422 distorte
773 3361 938 3424 calderar,
953 3366 975 3418 si
988 3376 1026 3419 cst
1039 3368 1284 3425 bomooalidioriset

225 3465 300 3517 sunt,
317 3452 415 3505 mollius
431 3467 526 3503 vorum
540 3448 633 3525 (cujus
641 3448 733 3521 pedes,
772 3449 913 3503 lemidioris
925 3450 1033 3517 ingenii,
1044 3469 1118 3505 acm
1127 3454 1203 3514 inter,
1216 3456 1284 3509 inter

226 3552 254 3593 ut
262 3539 372 3609 loquitur
377 3536 536 3599 scholiastes,
546 3534 685 3587 introrsum
697 3552 736 3587 re·
772 3534 845 3604 paulo
856 3536 1066 3590 vehementiores:
1080 3554 1153 3600 acer,
1166 3556 1229 3592 nos:
1244 3557 1283 3591 un

224 3618 736 3692 tortasunt);alium‚cujustalimalede-
771 3617 926 3691 mmeviſs

227 3708 321 3778 prarati
331 3716 399 3772 sunt,
408 3704 561 3759 balbutiente
571 3712 597 3755 et
605 3713 735 3772 paternum
808 3717 851 3758 tt.
866 3707 902 3757 At
911 3706 1110 3759 mentitum...
1124 3708 1282 3771 bramton,

227 3809 335 3846 umorem
360 3791 515 3859 exprimente
533 3806 591 3842 voce
611 3805 736 3841 sedunum
772 3799 853 3843 atnoe
869 3792 934 3859 ipsas
949 3791 1053 3844 virtutes
1071 3804 1222 3861 praepostere
1238 3813 1286 3865 pro

228 3876 282 3946 (qni
294 3875 354 3927 talos
366 3875 441 3928 babet
453 3871 586 3939 exstantes]
597 3882 673 3925 vocat.
685 3871 736 3924 Sci·
772 3873 840 3925 vitiis
855 3874 986 3935 habemus,
998 3874 1070 3927 etsie
1086 3876 1191 3929 facimus
1204 3880 1281 3945 idem,

228 3961 285 4013 licet
296 3968 392 4028 patres,
407 3959 428 4011 si
438 3974 488 4027 qua
500 3956 611 4025 turpioris
620 3956 681 4009 vitia
689 3955 736 4009 ba·
771 3973 800 4010 ao
812 3956 834 4009 si
848 3957 951 4009 ralimtu
964 3973 1005 4009 ras
1020 3957 1154 4026 integrum,
1165 3972 1283 4032 tanquam

229 4043 352 4109 bentlilii,
360 4041 472 4094 molliore
480 4040 604 4093 locutione
615 4057 645 4092 ea
655 4040 736 4093 levare
771 4040 885 4093 vitiatum
900 4050 926 4094 et
937 4040 1073 4106 rimosum,
1093 4042 1223 4110 oblinere,
1240 4046 1284 4097 in-

118 4176 126 4185 „
228 4127 341 4191 student,
351 4125 424 4177 amici
435 4124 632 4192 igiturpatresiu
640 4123 736 4177 oleran·
771 4138 904 4186 rmstore,
917 4126 984 4195 pice,
996 4144 1067 4191 cera,
1083 4138 1172 4198 stuppa
1184 4131 1284 4184 velulis

227 4213 266 4265 dis
276 4211 410 4264 amicorum
418 4208 488 4260 vitiis
501 4207 592 4259 imitari
602 4207 702 4261 debent.
772 4226 799 4261 re
813 4218 929 4278 tanquam
944 4220 1025 4263 crusta
1037 4211 1285 4267 obducere-Pm-

263 4306 308 4351 40.
323 4293 419 4363 megi,
428 4292 472 4361 qui
484 4291 605 4360 prudente
617 4293 737 4361 parsimo-
772 4292 909 4365 despuas,
923 4304 970 4346 etc.
984 4295 1084 4366 Aliquis
1097 4298 1204 4366 probus,
1217 4300 1245 4351 b.
1256 4318 1281 4353 e.

225 4376 734 4449 niaetsibietsuisprospicit.·-·!nepms‚
751 4386 753 4391 ’
772 4380 1282 4448 necaoerneclitigiosusnobiscumritam

224 4466 283 4536 qui,
298 4465 357 4517 dum
376 4463 459 4531 inepta
477 4478 503 4514 se
521 4461 621 4527 gerendi
640 4464 735 4515 ratione
770 4464 832 4530 agit,
845 4482 901 4516 enm
917 4466 1033 4534 demissi,
1044 4468 1134 4535 abjecti
1146 4470 1282 4522 enimim-

227 4548 322 4617 plaeero
337 4548 432 4612 studet,
446 4546 576 4614 displicet;
589 4546 730 4614 descriptio
770 4550 875 4614 gaimus.
894 4550 942 4602 Eu.
952 4580 987 4590 -
998 4552 1039 4602 illi
1052 4548 1137 4613 torulo,
1152 4553 1196 4622 qui
1208 4553 1284 4623 paulo
