2664 5242
422 394 610 464 sarma
634 392 873 463 nouare.
1134 397 1166 491 xj

140 562 153 597 a
164 586 228 603 ......
240 532 438 629 lancesque
453 543 489 601 et
512 526 587 600 liba
611 527 781 600 feremus.
801 559 819 596 s
837 528 1024 625 Deinceps
1042 527 1174 604 adalia
1273 507 1281 524 ⁸

137 648 352 723 miscellanea
367 645 536 719 translata
549 658 616 716 est.
632 649 779 744 Festust
793 674 811 712 a
824 648 950 718 Satira
967 644 1041 717 cibi
1057 669 1173 743 genus

134 790 165 837 er
176 767 289 859 >varia
300 762 412 838 rebus
426 761 660 834 conditum.»
675 761 840 858 Migravit
861 762 1006 836 indeed
1022 788 1079 855 ea,
1094 788 1175 863 quae

131 883 256 956 mentis
275 896 313 956 et
329 880 470 978 ingenii
486 894 592 970 sunt;
608 904 695 950 nam
712 879 808 979 leges
815 883 969 955 Saturus
984 907 1176 984 nuncupa·

130 1013 223 1091 mnt,
235 1024 320 1097 quae
333 997 439 1096 plura
452 995 589 1093 capita,
599 1011 662 1068 aut
677 995 800 1096 plures
814 998 940 1070 titulos
956 999 1178 1099 complecto·
1253 990 1255 995 ⁷

128 1115 269 1209 bantur,
287 1129 329 1188 ut
346 1113 464 1213 legem
475 1109 634 1201 latiam,
649 1119 835 1214 Papiam,
850 1120 1078 1214 Poppaeam,
1096 1141 1177 1217 quae

129 1233 315 1307 dicebatur
329 1230 508 1321 miscella,
522 1230 624 1334 quod
642 1231 742 1303 idem
756 1246 811 1304 est
824 1256 909 1304 cum
919 1236 1067 1328 Sauara,
1078 1234 1179 1309 unde

128 1351 285 1450 proiecta
302 1364 358 1423 cst
375 1363 412 1422 et
433 1348 495 1421 illa
512 1347 651 1421 locutio
664 1375 737 1448 per
749 1349 924 1424 Saturam
939 1350 1178 1451 legemserre,
1305 1381 1308 1386 ’

129 1494 240 1567 quum
265 1491 344 1540 non
367 1467 501 1562 rogatis
522 1491 566 1539 cx
587 1464 717 1538 ordine
734 1465 989 1560 senatoribus,
1008 1493 1084 1540 non
1102 1469 1178 1543 col·

129 1586 246 1677 lectis,
269 1608 340 1656 nec
362 1583 602 1657 dinumeratis
626 1585 837 1674 sententiis,
860 1609 990 1658 omnes
1012 1585 1181 1662 simulet

130 1703 343 1800 promiscue
356 1701 575 1772 sententiam
599 1698 779 1789 ferebant,
798 1701 899 1797 quod
916 1704 1064 1802 proprie
1080 1703 1180 1778 dice·

131 1819 233 1891 batur
253 1843 323 1917 per
342 1823 519 1890 Seuerum
543 1822 745 1890 sententias
762 1823 969 1918 exquirere,
991 1821 1181 1919 quomodo
1295 1802 1300 1811 ¹

132 1952 208 2036 post
227 1934 381 2009 Laelium
397 1934 574 2033 loquutus
590 1950 644 2007 est
661 1934 861 2007 Sallustius.
878 1941 1002 2035 Neque
1018 1937 1079 2011 hic
1092 1964 1182 2012 con·
1303 1922 1306 1929 ¹

134 2057 319 2147 stiterunt,
331 2055 441 2127 etiam
454 2053 570 2126 libr'os
586 2053 765 2153 quosdam
779 2054 848 2126 hac
864 2057 1107 2155 appellatione
1121 2059 1180 2132 in·

135 2172 375 2267 signiserunt,
394 2183 436 2240 ut
451 2171 671 2242 Pescennius
685 2175 827 2260 Festus,
839 2173 903 2270 qui
916 2177 1101 2248 Historias
1110 2178 1179 2249 Sa·

10 2374 14 2394 ¹
136 2300 230 2360 taras
244 2285 304 2359 vel
311 2310 389 2385 per
399 2288 579 2358 Saturam
591 2284 699 2359 n'obis
713 2285 826 2359 dedit.

174 2408 226 2476 Ex
246 2402 306 2477 his
325 2399 501 2473 omnihus
522 2401 697 2500 exemplis
719 2401 814 2474 facili
837 2404 919 2501 quis
938 2407 1087 2500 negotio
1108 2404 1180 2479 sibi

10 2590 19 2603 ,
137 2517 363 2619 persuadebit
376 2520 516 2591 Horatii
528 2543 639 2618 opera
652 2519 741 2591 hinc
755 2521 901 2592 traxisse
915 2545 1069 2612 nomen,
1081 2527 1180 2596 Sari·

10 2669 14 2676 ·
137 2661 263 2736 rusque
282 2635 497 2734 appellatas,
517 2638 619 2734 quod
641 2636 766 2708 multis
786 2649 823 2709 et
844 2638 1090 2712 coriambus
1108 2640 1181 2716 lroc

10 2782 14 2791 ·
136 2779 281 2829 carmen
306 2754 481 2848 refertum
504 2769 608 2839 esset,
635 2755 823 2853 quomodo
850 2755 939 2827 dicit
966 2756 1178 2856 Porphyrio.

10 2928 12 2960 ,
136 2871 240 2960 Quod
256 2871 408 2970 quidem
425 2898 468 2943 ex
483 2888 586 2969 parte
604 2897 730 2944 verum
749 2888 820 2960 est;
839 2897 924 2944 cave
938 2874 1038 2944 enim
1054 2889 1178 2972 putes,

10 3073 12 3078 Ι
136 3012 259 3061 vocem
285 2987 397 3062 nullis
421 2987 732 3059 intercedentibus
755 2987 941 3084 gradibus,
962 2990 1025 3086 qui
1048 2992 1179 3064 transi·

136 3118 209 3176 tum
223 3102 444 3203 praeberent,
459 3103 579 3174 statim
591 3103 665 3175 huc
679 3103 891 3176 deductam:
904 3104 982 3202 ejus
997 3106 1181 3200 migratio·

136 3245 195 3292 nes
212 3219 439 3317 antiquiores
455 3232 559 3289 erant
576 3219 615 3290 in
638 3218 724 3290 alias
740 3243 816 3310 res,
833 3245 915 3317 quae
935 3222 1180 3319 propinquius

134 3339 484 3408 HoratiiSermones
498 3335 765 3431 contingerent.
779 3334 833 3407 Ad
849 3360 958 3433 quam
975 3361 1050 3408 rem
1066 3337 1182 3438 expli·

135 3452 286 3524 caudam
307 3451 384 3547 jam
405 3449 646 3545 accingimur,
669 3474 754 3521 eum
778 3451 967 3547 sequuturi
993 3451 1182 3547 ordinem,

135 3572 195 3667 qui
211 3570 282 3668 ipsi
296 3566 515 3654 Casaubono
534 3569 572 3639 in
593 3581 754 3639 mentem
773 3592 849 3639 non
867 3567 1011 3638 ridetur
1024 3570 1183 3662 venisse,

137 3688 270 3785 quippe
283 3711 363 3758 rem
378 3709 420 3756 ea
435 3684 518 3757 luce
531 3682 743 3783 perfundet,
756 3700 796 3756 ut
814 3684 914 3757 nulla
932 3685 1089 3785 amplius
1109 3689 1186 3760 cui-

139 3827 243 3899 quam
260 3801 487 3898 relinquatur
512 3801 559 3872 ad
577 3800 823 3873 dubitandum
840 3803 997 3873 materia.

186 3919 339 3994 Romani
354 3944 471 4016 quum
485 3917 771 4016 quadringentos
783 3921 925 3993 circiter
936 3944 1054 3995 annos
1065 3922 1185 3994 sceni-
