2664 5242
322 781 376 876 xvj
488 779 555 848 DE
577 779 798 850 ORIGINE
820 780 882 850 ET
905 783 1201 853 PROGRESSU

321 916 485 992 Ridicula
496 932 618 990 autem
629 932 667 991 et
677 919 833 992 omnino
846 917 932 992 falsa
941 935 995 993 est
1003 918 1326 1016 hujusdistinetio

320 1058 380 1128 aa,
397 1059 507 1135 qnam
520 1033 640 1108 reddit
653 1036 757 1107 ratic.
774 1039 854 1108 Non
871 1036 957 1109 satis
968 1020 1243 1135 investigaverat
1254 1038 1305 1112 ho
1316 1074 1332 1103 n

321 1153 475 1254 simplex
496 1169 662 1226 naturam
681 1167 717 1225 et
735 1153 913 1250 originem
932 1153 1121 1252 utriusque
1133 1155 1314 1254 Satirae,q

320 1273 477 1346 omnino
490 1269 761 1344 conveniebant
773 1284 846 1343 tam
859 1272 1006 1343 materia
1018 1295 1129 1370 quam
1142 1271 1321 1346 forma.N

237 1392 242 1398 '
320 1387 414 1461 nihil
434 1412 479 1461 eo
495 1387 662 1461 attulerat
674 1386 835 1460 Lucilius
852 1401 980 1486 praeter
994 1389 1125 1461 nitoris
1137 1403 1175 1461 et
1186 1389 1276 1462 salis
1284 1389 1325 1489 pl

318 1506 481 1597 sculum,
496 1507 535 1578 in
553 1529 696 1578 summa
713 1505 766 1577 rei
779 1504 881 1578 nulla
898 1507 1034 1602 insigni
1048 1507 1247 1581 variatione
1264 1507 1299 1580 fa
1321 1544 1332 1569 »ι

318 1628 363 1696 Et
370 1624 580 1723 quanquam
593 1647 669 1696 noo
685 1624 925 1721 conjunxerat
937 1621 1042 1721 plura
1051 1645 1222 1695 versuum
1236 1647 1331 1720 gene

318 1744 358 1815 in
377 1741 506 1816 eodem
525 1743 704 1835 carmine,
725 1742 819 1817 sicut
839 1742 998 1834 Ennius,
1019 1741 1151 1816 fecerat
1170 1757 1293 1815 tamen
1319 1776 1327 1805 ι

317 1870 420 1931 'versa
442 1859 622 1951 carmina,
645 1883 802 1957 quornm
824 1858 894 1931 alia
914 1859 1056 1955 integra
1074 1858 1237 1931 versibus
1256 1858 1305 1932 hc

200 2039 203 2046 .
317 1976 458 2068 metris,
477 1975 546 2047 alia
565 1975 748 2067 iambicis,
765 1975 836 2048 alia
856 1974 1050 2049 trochaicis
1070 1973 1305 2068 constabant,

315 2093 431 2192 liquet
444 2093 614 2191 exipsius
629 2091 850 2189 fragmentis.
864 2095 911 2163 Ut
927 2091 1039 2164 verbo
1057 2091 1191 2183 dicam,
1210 2094 1241 2164 si
1260 2096 1332 2165 Lu

316 2209 423 2282 lianae
443 2211 566 2305 Satires
587 2208 720 2282 diversi
741 2208 883 2305 generis
904 2208 953 2283 ab
970 2210 1147 2282 Ennianis
1168 2209 1256 2282 ideo
1276 2235 1319 2284 ee

317 2325 439 2399 scndae
467 2328 559 2415 sint,
586 2327 688 2426 quod
714 2326 776 2399 ille
804 2327 906 2399 hunc
935 2323 1121 2399 scribendi
1149 2341 1227 2399 arte
1255 2325 1332 2400 lnn

316 2445 549 2541 superaverit,
567 2446 620 2515 uti
641 2443 757 2516 voluit
773 2443 1030 2546 casaubonus,
1049 2468 1282 2543 consequens
1298 2471 1332 2519 er

315 2562 455 2633 Horatii
475 2584 625 2659 quoque
646 2561 776 2663 Satiras
799 2585 820 2632 a
842 2558 1037 2634 Lucilianis
1060 2562 1193 2634 diversi
1215 2565 1322 2662 prnrs

317 2679 427 2752 fuisse
446 2669 605 2776 generis,
625 2678 928 2778 quandoquidem
946 2679 1115 2752 Horatius
1138 2705 1216 2753 non
1240 2683 1317 2754 min

317 2796 435 2870 evexit
457 2797 588 2869 Satiras
608 2820 691 2868 suas
717 2820 825 2895 supra
847 2795 1046 2889 Lucilium,
1066 2799 1177 2895 quam
1201 2796 1264 2871 ille
1284 2825 1328 2871 su

317 2940 427 3015 supra
435 2916 596 2988 Ennium
609 2929 646 2986 et
657 2915 852 2986 Pacuvium
861 2928 1035 2986 evexerat.
1045 2916 1318 3014 Douzamquoq

316 3033 435 3106 lilium
452 3033 578 3105 fefellit
595 3035 665 3105 iste·
676 3033 865 3105 Diomedis
879 3030 993 3105 locus.
1010 3036 1089 3104 Hoc
1107 3056 1182 3104 non
1202 3057 1248 3105 co
1271 3032 1307 3104 d'

316 3150 419 3249 quod
431 3172 592 3222 errorem
608 3148 725 3221 levem
742 3163 927 3222 tantorum
949 3149 1110 3221 virorum
1129 3163 1256 3221 notare
1279 3175 1320 3246 ga

317 3267 441 3357 deam,
463 3266 527 3337 sed
546 3266 667 3339 solum
687 3280 728 3338 ut
748 3264 1014 3356 demonstrem,
1027 3279 1163 3362 quanta
1176 3290 1261 3337 cum
1276 3290 1322 3340 cu

292 3428 294 3433 ν
318 3397 355 3454 et
378 3381 516 3454 cautela
538 3407 666 3455 eorum
684 3382 799 3481 'opera
818 3383 936 3481 legere
960 3397 1143 3481 oporteat,
1166 3382 1231 3455 ubi
1256 3383 1303 3456 dc

319 3497 474 3571 obscura
487 3498 578 3572 adeo
592 3502 790 3598 etantiqua
804 3501 934 3597 agitur.

367 3619 844 3715 AntiquaeSatiraeadscenae
856 3643 963 3691 usum
972 3619 1183 3716 compositas
1195 3633 1325 3690 natura

318 3720 505 3829 declaravi,
514 3736 665 3835 planum
677 3737 745 3808 feci
758 3735 847 3809 inde
859 3734 1066 3832 exemplum
1079 3733 1150 3805 sibi
1164 3736 1332 3831 su'mpsis

316 3856 497 3945 Ennium,
511 3856 596 3927 satis
613 3855 772 3953 denique
790 3852 1046 3926 confirmatum
1067 3849 1152 3924 dedi
1171 3853 1281 3923 Ennii
1303 3856 1329 3922 P

316 3973 485 4069 euviique
502 3973 665 4069 ejusdem
682 3998 760 4046 esse
776 3974 917 4070 generis
938 3997 1023 4043 cum
1042 3973 1164 4044 Satiris
1181 3969 1312 4042 Lucilii

229 4170 232 4177 ,
313 4090 468 4179 Horatii,
484 4088 586 4187 quod
603 4103 724 4161 tamen
743 4112 889 4161 carmen
905 4113 982 4160 non
998 4089 1069 4160 nisi
1086 4086 1132 4160 ab
1149 4087 1300 4157 Horatio
1324 4136 1328 4147 .

315 4230 527 4305 supremum
542 4206 723 4303 fastigium
740 4206 960 4304 perductum
978 4221 1043 4277 est.
1060 4208 1138 4276 lam
1150 4202 1197 4274 ad
1208 4201 1322 4274 alteru

316 4327 436 4400 Satirae
460 4348 591 4420 genus,
617 4323 719 4422 quod
745 4325 865 4422 recepi
893 4323 1175 4422 exponendum,
1200 4319 1301 4417 quod
