2664 5242
138 852 184 925 26
420 848 463 936 Q.
491 847 701 915 nonnrn
727 826 905 914 resecr

134 990 251 1062 Illam:
266 1020 283 1055 u
293 992 373 1060 Post
385 986 502 1083 paulo;
517 986 575 1055 sed
590 984 712 1079 plm·is;
728 986 754 1052 si
771 985 892 1053 exierit
903 984 998 1071 vin»
1136 1004 1186 1042 rso

136 1109 257 1199 Gallis;
269 1111 373 1199 hanc,
387 1104 605 1178 Philodemus
619 1104 680 1190 uit,
696 1103 778 1190 sihi,
791 1126 865 1196 qnae
879 1124 989 1195 neque
1002 1124 1128 1195 magno

137 1231 209 1299 Stet
223 1229 349 1324 preti03
364 1250 472 1320 neque
484 1238 670 1310 cunctetur,
685 1246 787 1316 quum
802 1235 853 1289 est
861 1222 951 1316 jussa
965 1220 1093 1289 venire.

137 1346 290 1416 Candida
303 1360 459 1439 rectaque
472 1344 531 1431 sit,
544 1341 669 1412 munda
683 1341 860 1427 hactenus,
873 1354 911 1408 ut
925 1362 1039 1432 neque
1052 1336 1170 1433 longa,

137 1467 210 1538 Nec
223 1466 329 1562 magis
340 1464 417 1536 alba
429 1463 527 1552 velit,
539 1486 639 1557 quarn
654 1460 713 1529 det
726 1473 864 1545 natura,
879 1457 1002 1529 videri.

136 1588 217 1654 Haee
227 1586 287 1654 ubi
299 1583 472 1679 supposuit
483 1581 603 1681 dextro
617 1604 740 1674 corpus
754 1578 839 1647 mihi
851 1575 989 1663 laevnm,
1140 1574 1186 1632 ¹²!

138 1700 200 1771 Ilia
212 1717 246 1772 et
257 1702 379 1797 Egeria
391 1716 459 1790 est3
474 1700 520 1769 do
533 1724 659 1769 nomen
672 1694 845 1792 quodlibet
861 1694 922 1765 illi.

138 1823 211 1891 Nec
223 1844 353 1909 vereor,
367 1845 425 1906 ne,
440 1817 521 1890 dum
534 1819 647 1905 intuo,
659 1818 712 1886 vir
722 1840 802 1886 rure
815 1829 986 1901 recurrat,

138 1938 245 2006 lanua
258 1935 444 2032 frangatur,
457 1934 558 2006 latret
570 1936 678 2018 canis,
695 1932 843 2026 undique
858 1956 983 2028 magno

142 2054 240 2126 Pulsa
254 2055 373 2126 domus
387 2056 529 2149 strepitu
542 2069 692 2143 resonet,
703 2049 870 2146 vepallida
884 2049 974 2120 lecto

141 2170 793 2263 Desiliatmulier,miseramseoonscia
808 2168 947 2257 clamet,
1142 2172 1186 2229 13(

141 2385 207 2437 blato
218 2396 242 2441 ot
254 2403 323 2439 mora
335 2397 361 2441 ot
373 2388 520 2443 difficultate
534 2399 645 2459 paretur.
683 2387 759 2439 nimis
775 2386 831 2438 alba
845 2387 963 2455 (consuo
972 2387 1052 2457 usu),
1068 2398 1112 2439 ant
1123 2388 1185 2441 nimi

142 2468 251 2521 Facilius
268 2470 415 2537 intelligitur
428 2488 501 2543 quam
513 2473 649 2543 explicatur
682 2470 755 2537 longa
770 2468 939 2537 (crepidarum
953 2471 1154 2538 suppositarum.
1170 2490 1186 2523 u

142 2550 216 2617 hujus
228 2568 312 2604 sersus
322 2552 389 2623 lepos
402 2571 430 2606 ao
442 2566 565 2607 venustas.
578 2556 628 2606 En.
683 2556 796 2607 observat
814 2565 884 2607 vetus
902 2554 984 2605 Schol.
1006 2565 1031 2607 ot
1049 2566 1151 2623 apparet
1167 2573 1186 2607 e:

182 2646 241 2688 tto.
262 2636 359 2697 Illam,
376 2647 426 2689 etc.
447 2637 555 2691 Sensus:
575 2638 647 2690 Illam
683 2638 729 2692 hoo
749 2656 820 2690 versu
836 2638 964 2689 Jumnnlis
981 2638 1034 2689 Sat.
1050 2638 1107 2703 vt,
1125 2648 1176 2691 tot

144 2718 331 2781 mulierculam,
347 2738 403 2789 quas
420 2737 500 2773 moras
516 2731 597 2773 nectat
607 2721 650 2771 di·
689 2742 702 2771 ι
715 2724 896 2791 ...breviorque
912 2723 1012 2775 videtur
1022 2714 1132 2789 Viritine
1148 2741 1183 2793 pp

143 2802 235 2855 ruodo:
248 2822 261 2850 α
272 2803 345 2871 paulo
354 2815 408 2872 post
417 2816 442 2857 te
453 2806 597 2871 admittam
606 2806 650 2859 sod
686 2822 762 2873 gunea
774 2845 781 2868 ‚
793 2806 869 2857 nullis
879 2806 962 2874 adjuta
971 2805 1110 2858 cothurnis.
1123 2806 1149 2876 ι)
1161 2808 1186 2859 vi

144 2886 219 2952 atter,
230 2904 326 2958 queso,
342 2890 409 2960 quod
422 2890 501 2958 pluris
513 2891 546 2942 sit
555 2892 648 2959 pretii;
685 2888 740 2940 deri
751 2887 822 2941 velit.
833 2917 869 2927 —
878 2900 962 2946 ncta,
981 2900 1079 2958 erecta3
1098 2892 1135 2942 sio
1151 2890 1184 2942 ho

144 2973 218 3037 veni,
230 2974 253 3025 si
263 2974 304 3026 sir
313 2975 419 3043 exierit,
432 2996 446 3025 s
457 2974 540 3029 Gallis
549 2974 559 3043 (
567 2990 651 3027 sarar-
686 2972 768 3023 mines
780 2974 849 3025 recti
855 2973 921 3041 apud
929 2973 1023 3027 Catuli.
1033 2975 1070 3036 X,
1081 2986 1130 3037 203
1145 2986 1186 3027 not

143 3055 245 3109 dotibus
257 3056 371 3124 Cybeles,
380 3058 435 3126 qui,
445 3058 504 3126 quia
515 3067 587 3109 erant
596 3057 651 3109 ori·
725 3067 786 3109 tut.
801 3057 868 3109 Hoee
877 3057 927 3108 ubi
933 3059 1074 3128 supposuit,
1086 3072 1136 3112 etc.
1149 3060 1186 3113 Ul

147 3137 207 3200 rati,
217 3154 310 3189 moram
325 3137 393 3190 illam
406 3140 473 3191 terre
482 3138 595 3207 possent)
606 3155 652 3191 es-
691 3140 718 3191 in
727 3140 789 3191 meis
798 3151 836 3192 est
843 3142 1020 3209 complexibus.
1029 3142 1186 3197 En—Ilr'at

147 3222 276 3289 petendam
287 3239 350 3288 esse,
366 3232 392 3273 nt
407 3225 480 3285 hano,
494 3240 550 3291 quo
563 3238 653 3292 nequo,
690 3218 789 3290 Egeria
799 3236 850 3283 est,
863 3224 939 3274 altera
950 3225 1012 3275 mihi
1022 3226 1092 3293 qnasi
1105 3239 1144 3279 ost
1154 3228 1186 3281 lli

146 3312 195 3357 ete.
206 3321 233 3356 se
244 3305 293 3356 sibi
306 3315 430 3373 expetere,
436 3305 598 3359 Philodemus
606 3304 652 3359 sit.
690 3305 728 3357 rel
744 3304 842 3371 Egerio,
860 3306 887 3356 h.
899 3323 922 3358 e.
934 3323 1003 3375 mque
1014 3309 1077 3359 mihi
1086 3326 1144 3362 onra
1152 3322 1186 3363 est

147 3388 251 3442 Editum
267 3400 306 3443 est
317 3387 456 3450 ancistro,
472 3401 497 3444 et
508 3401 563 3459 post
573 3406 654 3444 eumn
690 3404 719 3441 ae
730 3388 884 3440 nobilissima
893 3405 995 3457 quaque
1007 3391 1113 3458 mulier,
1133 3395 1186 3446 Ilm

146 3471 290 3538 umnctio,
314 3473 472 3541 Epigramma
494 3472 635 3526 Philodemi
646 3508 655 3537 ,
690 3472 760 3523 Rhea
769 3473 861 3541 sylvia,
873 3485 954 3525 mator
964 3475 1063 3528 ΒοωιιΙί
1074 3488 1099 3528 et
1110 3478 1184 3532 Romi

147 3557 216 3627 qnod
238 3557 321 3625 plures
345 3558 501 3627 (inquibus
523 3568 560 3610 est
580 3558 655 3611 etiam
692 3552 805 3625 Egen'ct,
817 3559 940 3626 nympha,
953 3575 1055 3626 quacum
1070 3573 1186 3617 nocturne

149 3638 335 3715 Hetirdorfius)
353 3640 385 3692 ab
397 3638 500 3692 Horatio
512 3658 654 3709 expressum
690 3656 831 3706 oongressus
851 3642 900 3693 sibi
923 3660 977 3694 esse
995 3644 1128 3699 simulabat
1144 3649 1186 3700 Nu

148 3741 203 3777 osse
213 3734 341 3791 putsmnt.
353 3723 402 3776 Sed
418 3723 480 3775 illud
492 3740 507 3775 a
521 3724 656 3776 reoentiore
691 3722 923 3785 ms.—dortomen,
932 3725 963 3777 do
973 3726 1010 3776 illi
1020 3733 1186 3798 nomentujus

148 3808 254 3878 quodam
270 3809 371 3861 homine
385 3827 417 3861 ex
432 3809 480 3861 hoo
495 3809 548 3876 ipso
558 3808 656 3861 Horatii
691 3807 753 3861 libet
762 3808 874 3860 mulieris
884 3810 1064 3875 celeberrimo,
1075 3824 1118 3865 aut
1128 3816 1186 3868 etiar

149 3891 214 3953 looo,
224 3908 351 3960 perperam
366 3892 499 3954 intellecto,
511 3892 619 3945 effictum
630 3902 657 3945 et
691 3892 795 3960 alicujus
806 3895 866 3946 dere.
881 3894 930 3945 Eo.

148 3974 346 4045 Philodemoper
352 3977 462 4029 fraudem
469 3978 656 4040 tributumesse,
730 3989 790 4029 tat.
812 3978 869 4029 Neo
879 3995 988 4043 vereor,-
1003 3991 1121 4034 serentur
1135 3986 1186 4036 enit

149 4059 234 4113 docuit
243 4060 379 4113 lacobsr'us
395 4061 422 4113 in
433 4060 475 4113 W
472 4060 533 4132 alfii
542 4060 654 4115 Analeet.
692 4078 790 4130 semper
796 4063 840 4131 qui
850 4074 974 4115 matronas
980 4069 1186 4120 sectantur.Eo.-

150 4143 199 4198 rol.
210 4143 233 4207 l,
245 4164 271 4214 p.
283 4156 344 4198 st't.
692 4146 739 4196 vir
746 4162 808 4196 mre
818 4158 944 4207 metamur,
953 4146 1047 4215 aliquid
1059 4149 1186 4203 fortassed

189 4240 250 4283 ηδ.
264 4228 392 4292 (Σαιιᾰιὶὶα,
403 4239 450 4283 eto.
461 4228 527 4283 Alba
536 4230 657 4284 sitcolore
693 4231 777 4281 uxoris
790 4231 943 4299 impudicitia
956 4231 1092 4300 suspirans.
1107 4236 1157 4287 En.
1168 4266 1186 4277 -

150 4324 178 4367 ot
195 4324 276 4367 monta
297 4330 417 4382 oorpore,
438 4314 556 4365 haetenus
576 4324 657 4368 tamon
693 4314 784 4367 lanua
801 4315 967 4386 frangatur,
992 4320 1087 4383 janua,
1111 4322 1186 4374 scilice

150 4398 248 4453 externi
257 4398 338 4452 uultus
351 4407 377 4451 et
392 4396 518 4465 elegantia
535 4398 656 4463 studiosa,
694 4400 761 4450 intus
776 4400 808 4450 ab
823 4418 899 4452 uxore
915 4410 940 4451 et
955 4401 1067 4452 adultero
1081 4404 1178 4467 clausa,

153 4481 239 4535 utsihi
248 4492 340 4545 most,
351 4498 383 4533 no
394 4490 604 4549 prosternatursm
616 4491 659 4533 tut
692 4484 747 4535 viro
763 4483 882 4536 raleunte
898 4485 1028 4551 frangitur.
1049 4486 1097 4538 En.
1112 4519 1145 4529 -
1155 4506 1186 4541 ve
