2664 5242
295 715 372 810 xviij
462 716 527 784 DE
551 714 772 787 ORIGINE
796 716 856 784 ET
882 706 1182 790 Pnoo'nnssu

341 859 425 925 Haec
441 851 553 925 habui
570 853 618 926 de
632 853 756 925 Satiris
776 853 815 924 in
839 877 971 949 genere
989 854 1165 929 dicenda:
1182 856 1293 955 plura
1308 857 1321 929 i

293 969 365 1040 hoc
378 983 594 1065 argumento
608 968 783 1041 disserere
797 993 1063 1067 supervacuum
1075 987 1182 1044 esset.
1194 977 1236 1045 ln
1248 974 1329 1046 not'

294 1086 428 1157 nostris
448 1084 677 1157 commodior
698 1085 767 1156 erit
788 1084 891 1157 locus
912 1087 1192 1161 Horatianarum
1213 1080 1290 1162 sa:
1317 1124 1320 1149 ι

293 1227 375 1275 rum
390 1218 555 1275 naturam
568 1203 772 1275 enarrandi.
789 1206 930 1277 Interea
946 1203 1039 1277 illud
1053 1205 1163 1279 velim
1180 1208 1325 1281 anima·

292 1333 406 1392 vertat
421 1325 562 1412 Lector,
579 1321 749 1409 Latinum
764 1321 984 1426 vocabulum
1008 1324 1132 1397 Satirae
1152 1339 1228 1398 tam
1249 1325 1330 1398 desi

292 1462 401 1535 gnare
410 1464 593 1549 sermones
603 1440 668 1537 qui
680 1440 853 1546 virtutem
865 1442 1138 1531 commendent,
1150 1468 1267 1545 quam
1279 1467 1330 1542 qu

294 1558 379 1629 vitia
392 1557 627 1631 insectentur.
636 1558 801 1630 Omnino
812 1556 1205 1634 alitersereshabctin
1217 1561 1300 1658 ling

291 1687 431 1767 nostra,
445 1672 510 1746 ubi
522 1674 579 1747 vel
594 1698 731 1746 nomen
746 1675 867 1772 ipsum
883 1676 1005 1748 Satirae
1019 1690 1197 1780 terrorem
1209 1677 1329 1750 incuti

292 1787 383 1881 illis,
405 1791 470 1887 qui
491 1814 530 1863 se
552 1789 725 1862 simulant
743 1790 783 1862 id
799 1814 877 1863 esse
894 1791 996 1890 quod
1014 1816 1092 1865 non
1110 1807 1219 1884 sunt;
1242 1816 1332 1892 apo·

292 1929 361 1976 nos
386 1908 485 1979 enim
508 1905 634 1979 audito
658 1907 779 1979 Satirae
801 1909 1178 1993 nomineconrioium
1203 1908 1326 1982 intelli

291 2026 399 2119 gitur.
427 2023 561 2095 Eadem
587 2039 707 2095 tamen
731 2022 927 2122 utrobique
945 2048 1017 2098 vox
1038 2041 1103 2097 est
1126 2025 1200 2099 Sed
1220 2027 1327 2099 latin

290 2141 506 2240 plerumque
527 2142 565 2212 in
585 2140 764 2237 librorum
784 2142 899 2215 titulis
916 2158 1152 2241 respexerunt
1169 2144 1271 2216 vocis
1289 2169 1321 2216 ιι

291 2260 365 2331 sius
395 2275 578 2349 naturam,
606 2274 643 2331 et
675 2261 850 2356 integram
879 2259 1201 2369 significationem,
1228 2286 1320 2359 quai

289 2373 400 2446 habet
416 2400 459 2446 ex
473 2375 716 2473 Etymologia,
730 2401 845 2473 quum
859 2376 952 2450 Galli
968 2378 1164 2475 respiciant
1177 2377 1304 2476 primu
1315 2412 1332 2443 ιι

291 2506 328 2562 et
352 2491 635 2588 frequentiorem
663 2493 763 2564 vocis
789 2518 898 2564 usum
921 2492 1066 2566 tributae
1086 2495 1160 2588 jam
1182 2494 1274 2569 inde
1302 2530 1332 2561 ιι

290 2607 398 2680 initio
414 2609 573 2681 dicteriis
588 2624 624 2681 et
638 2608 976 2682 obtrectationibus.
1120 2597 1135 2608 '⁸

339 2725 538 2798 Scribenda
559 2741 681 2799 autem
700 2750 740 2797 ea
763 2748 834 2796 vox
857 2727 982 2798 latine
1004 2751 1070 2824 per
1092 2751 1119 2797 u
1138 2725 1196 2798 vel
1216 2751 1285 2826 per
1306 2735 1323 2799 ι’

292 2843 427 2916 Gallice
445 2869 510 2942 per
525 2845 717 2943 isimplex.
736 2845 808 2932 Qui
825 2868 891 2942 per
899 2846 1189 2943 ysoripseruot,
1208 2846 1236 2917 ii
1253 2843 1287 2918 c‘
1314 2880 1332 2911 ιι

288 2962 481 3056 scaligero,
491 2965 640 3034 Heinsio
655 2963 851 3060 multisque
861 2962 940 3035 aliis
957 2963 1203 3055 crediderunt,
1214 2988 1259 3036 ex
1271 2987 1327 3036 nu

291 3076 453 3148 minibus
471 3080 629 3169 rusticis,
647 3103 740 3176 quos
754 3081 869 3152 Graeci
883 3085 1048 3177 Σατύρους,
1066 3081 1221 3154 Romani
1235 3085 1324 3154 Fau

293 3217 358 3265 nos
370 3193 919 3291 nuncupabant„nominediota
933 3194 1044 3268 luisse
1055 3194 1238 3292 ejusmodi
1261 3230 1295 3262 ιι
1313 3231 1318 3238 ·

290 3326 399 3400 mata,
415 3335 507 3406 eque
521 3334 610 3381 voce
619 3314 777 3402 Satyrus,
788 3310 936 3383 ductam
949 3334 1077 3382 vocem
1086 3314 1235 3403 Satyra3
1253 3313 1312 3383 ist
1328 3348 1332 3377 ;

290 3442 460 3526 praeterea
490 3433 639 3520 Satyros
669 3429 891 3501 carminibus
924 3432 1133 3501 Graecorum
1163 3425 1327 3523 Satyric'

281 3543 394 3622 *valde
409 3544 518 3617 luisse
530 3544 674 3636 affines3
687 3545 788 3643 quod
801 3570 879 3617 esse
893 3544 1124 3617 falsissimum
1134 3544 1322 3619 luculente

291 3661 552 3743 demonstravit
575 3662 829 3753 Casaubonus,
855 3659 919 3733 ubi
946 3661 1055 3734 docet
1078 3686 1099 3733 a
1121 3665 1316 3753 Satyrnse

290 3777 454 3874 analogia
467 3778 614 3849 formari
627 3777 932 3873 nonSntyra,sed
940 3776 1287 3877 Satyrica,plurimu
1299 3812 1319 3844 ιι

291 3922 363 3995 que
380 3897 554 3969 interesse
573 3897 667 3967 inter
683 3901 892 3969 Graecorum
909 3898 1090 3996 Satyrion,
1107 3912 1143 3969 et
1160 3903 1318 3971 Roman·

291 4040 372 4089 rum
386 4016 527 4088 Satires.
930 4105 934 4114 Ι

338 4132 579 4230 Spanhemius
595 4132 633 4204 in
653 4131 804 4229 pulchra
821 4144 885 4205 su'a
897 4132 943 4204 ad
955 4131 1090 4205 Juliani
1103 4134 1332 4229 Imperatori

288 4255 438 4326 Caesares
454 4247 672 4347 praefatione,
686 4247 791 4345 plura
803 4249 848 4321 de
864 4274 961 4323 novo
974 4248 1163 4323 observata
1176 4247 1332 4320 contuli
