2664 5242
456 366 645 437 SATIRAE
668 367 906 439 ROMANAE
1159 398 1202 443 xv

161 501 219 572 bus
236 525 372 574 novam
393 517 524 574 novata
540 502 725 576 scribendi
744 504 886 577 ratione
904 504 1055 600 gratiam
1074 509 1200 583 couci·

157 621 267 711 liavit,
283 621 406 718 utqui
418 623 577 719 antiquae
592 620 788 695 Comoediae
807 625 939 695 Graecrc
956 621 1200 699 characterem

154 739 303 837 propius
316 740 518 838 exprimere
533 739 706 813 voluerit:
723 740 829 835 cujus
847 740 1048 814 admodum
1063 743 1200 841 imper·

153 855 239 928 fecta
259 844 443 955 ex'prisca
462 857 589 929 latina
610 857 726 929 Satira
745 854 872 931 haberi
892 871 1035 954 poterat
1051 858 1199 952 notitia,

151 971 254 1070 quale
266 971 409 1045 scilicet
422 971 553 1045 laceret
565 996 731 1063 carmen,
747 971 850 1069 quod
864 972 942 1044 sola
954 988 1083 1045 natura
1094 974 1200 1048 dicti·

152 1103 301 1182 taverat,
316 1105 512 1188 antequam
527 1091 660 1188 injecta
674 1104 769 1163 esset
779 1090 953 1163 Romanis
962 1077 1106 1164 Graecos
1119 1091 1200 1165 imi·

151 1205 272 1299 tandi,
289 1231 492 1305 eorumque
515 1207 643 1305 spoliis
662 1231 702 1280 se
720 1205 992 1306 locupletandi,
1013 1209 1197 1305 cogitatio.

150 1330 194 1397 Ex
210 1325 350 1424 quibus
365 1325 468 1400 facile
480 1325 635 1424 intelligi
649 1338 770 1425 potcst
785 1322 879 1398 illud
891 1326 1050 1419 Horatii,
1062 1330 1135 1399 Sat.
1151 1332 1198 1421 ll,

150 1467 170 1531 1,
178 1437 504 1534 62·3:«....Quid‚
514 1466 630 1539 quum
643 1456 696 1514 est
706 1441 866 1515 Lucilius
878 1466 989 1516 ausus
1003 1442 1145 1514 Primus
1157 1443 1196 1516 iu

149 1555 247 1630 bunc
263 1559 386 1658 operis
399 1581 623 1655 componere
638 1560 799 1632 carmina
813 1559 976 1632 morem?
987 1589 1008 1628 »
1026 1557 1107 1632 Noli
1125 1584 1195 1658 pu·

150 1687 218 1745 tare
235 1670 430 1747 Horatium
446 1672 606 1746 voluisse
623 1673 758 1766 dicere,
777 1672 895 1747 nullas
912 1689 998 1748 ante
1016 1675 1197 1750 Lucilium

148 1792 275 1864 Satiras
293 1791 425 1864 factas:
448 1808 563 1889 quum
583 1790 764 1865 Lucilium
784 1793 1033 1891 precesserint
1052 1794 1196 1870 Ennius

147 1926 179 1982 et
194 1911 390 2002 Pacuvius,
405 1934 565 2007 quorum
583 1907 643 1982 ille
659 1910 868 2010 exemplum
879 1926 1056 2009 sequutus
1069 1927 1137 1986 est·
1152 1911 1195 1987 ld

147 2024 263 2096 solnm
284 2024 418 2116 voluit,
435 2025 616 2098 Lucilium
634 2050 768 2100 novam
788 2026 918 2099 taciem
936 2027 1024 2102 huic
1041 2029 1196 2103 carmini

144 2144 325 2235 induisse,
348 2143 451 2241 quod
471 2144 685 2244 perpolivit,
708 2160 745 2216 et
767 2160 960 2244 propterea
981 2172 1050 2246 pro
1072 2147 1197 2244 primo

145 2262 245 2356 quasi
272 2269 421 2333 auctore
445 2261 739 2336 habendumrln
764 2263 890 2336 eadem
917 2265 986 2337 fuit
1009 2268 1192 2343 sententia

142 2377 409 2467 Quintilianus,
436 2376 501 2449 lib.
522 2383 573 2470 X,
597 2403 676 2478 cap.
697 2404 736 2451 r:
760 2410 779 2448 α
801 2381 916 2452 Satira
940 2381 1091 2478 quidem
1118 2398 1194 2458 tota

141 2508 266 2565 nostra
282 2509 355 2584 est,
372 2495 409 2566 in
428 2520 500 2594 qua
518 2497 659 2596 primus
676 2471 857 2592 insignem
876 2496 1023 2570 laudem
1038 2499 1193 2599 adeptus

140 2628 193 2683 est
207 2613 411 2684 Lucilius.»
427 2617 519 2688 Cave
530 2615 591 2687 hic
605 2613 762 2712 pedibus
775 2615 813 2686 in
828 2614 1034 2688 Casauboni
1046 2633 1194 2691 seuten-

140 2733 225 2802 tiam
239 2757 319 2822 eas,
338 2733 401 2829 qui
421 2732 609 2804 Diomedis
628 2731 701 2805 fide
721 2731 852 2824 fretus,
872 2734 982 2805 Ennii
1005 2749 1041 2805 et
1062 2737 1192 2810 Lucilii
1244 2821 1249 2832 ¹

138 2849 270 2919 Satiras
282 2864 360 2920 toto
371 2873 503 2944 genere
516 2845 708 2923 dissentire
718 2850 981 2924 credidit.Vide
991 2853 1068 2950 ipsa
1079 2877 1194 2948 gram·

138 2968 257 3040 matici
274 2966 394 3059 verba,
405 2993 486 3065 quae
499 2966 641 3042 subacti
651 2968 781 3065 judicii
796 2969 963 3041 criticum
977 2970 1015 3041 in
1028 2993 1189 3044 errorem

137 3086 363 3157 induxerunt
377 3111 385 3154 ε
398 3116 415 3151 α
426 3086 541 3157 Satira
555 3101 609 3158 est
623 3110 767 3158 carmen
782 3085 881 3183 apud
893 3090 1094 3178 Romanos,
1108 3112 1185 3161 non

135 3202 286 3300 quidem
308 3202 407 3298 apud
428 3205 591 3291 Graecos,
613 3201 849 3293 maledicum,
875 3216 911 3274 et
935 3201 982 3275 ad
1005 3205 1187 3302 carpenda
1234 3245 1238 3254 ’

134 3318 330 3390 hominurn
349 3317 454 3409 vitia,
469 3318 631 3390 archcece
651 3317 839 3390 comoediae
856 3317 1061 3392 charactere
1082 3347 1184 3394 com·

133 3437 315 3533 positum,
334 3433 440 3531 quale
460 3433 685 3531 scripserunt
702 3434 881 3526 Lucilius,
897 3448 934 3507 et
947 3438 1133 3528 Horatius,
1148 3453 1185 3511 ct

134 3555 287 3625 Persius.
305 3551 378 3625 Sed
391 3552 479 3624 olim
491 3577 654 3645 carmen,
667 3552 768 3650 quod
779 3578 822 3623 ex
835 3553 940 3624 variis
952 3554 1183 3652 poematibus

133 3670 338 3761 constabat,
358 3670 470 3741 Satira
490 3668 689 3761 dicebatur,
710 3669 816 3766 quale
834 3672 1056 3769 scripserunt
1071 3677 1183 3746 Pacu·

134 3791 212 3860 vius
229 3805 267 3861 et
283 3788 466 3860 Ennius.»
483 3794 639 3887 Apparet
652 3787 869 3860 Diomedem
882 3787 1104 3884 distinguere
1117 3793 1181 3861 Sa·
1265 3779 1270 3790 ’

134 3907 236 3979 tiram
249 3905 393 3994 Lucilii,
405 3904 452 3978 ab
462 3932 502 3978 ca
517 3930 628 4004 quam
642 3904 785 4002 scripsit
796 3906 970 3978 Pacuvius
979 3920 1015 3978 et
1026 3907 1182 3977 Ennius.
