2664 5242
154 843 199 888 ιι
319 769 387 906 na
409 813 631 913 omerus
654 818 715 886 ar
738 817 1037 888 raosasssu
1087 765 1094 777 ⁸

154 953 264 1026 fuisse
273 949 485 1044 intellectas,
495 968 532 1023 et
538 975 729 1050 perperam
739 951 943 1050 explicatas.
953 951 1208 1028 Substiterunt

153 1070 191 1141 iu
206 1066 650 1168 ipsojcortice,']verbisqne
665 1067 947 1165 interpretandis
959 1069 1095 1142 intenti
1109 1070 1204 1142 nihil

154 1185 248 1257 ultra
261 1185 417 1283 petiere:
437 1183 539 1281 quod
551 1183 702 1281 quidem
718 1182 883 1256 fecerunt
899 1199 941 1257 ut
958 1188 1202 1281 grammaticis

151 1328 217 1402 par
230 1318 320 1394 erat,
338 1327 417 1375 non
433 1316 474 1374 ut
490 1299 739 1401 pbilosophis:
755 1299 866 1400 plane
878 1303 982 1398 quasi
995 1301 1204 1401 scripsisset

150 1421 320 1493 Horatius
334 1419 454 1492 solum
469 1433 510 1490 ut
527 1416 723 1489 verborum
740 1416 1076 1490 construendorum
1092 1421 1203 1492 ratio-

151 1562 238 1611 uem
258 1537 485 1627 videremus,
507 1534 722 1632 dederitque
745 1534 853 1630 nobis
877 1532 1013 1607 librum
1033 1533 1139 1610 boris
1161 1538 1200 1609 in

150 1654 274 1728 schola
294 1652 480 1744 fallendis,
497 1676 574 1724 non
591 1652 724 1723 animis
736 1650 783 1723 ad
797 1652 969 1723 virtutem
985 1651 1200 1727 formandis.

149 1776 299 1843 Prorsus
316 1751 426 1842 'aliud
440 1767 511 1840 sibi
534 1768 572 1839 iu
590 1767 662 1840 hoc
682 1791 794 1865 opere
813 1782 1052 1866 proposuerat
1070 1785 1198 1868 poeta:

149 1914 307 1987 namque
322 1887 407 1959 finis
425 1886 621 1959 verborum
638 1900 694 1957 est
709 1886 824 1977 actio,
841 1886 947 1982 otrjus
959 1885 1069 1958 etiam
1086 1890 1199 1984 gratia

55 2054 57 2057 -
147 2007 258 2079 rerba
271 2006 350 2105 ipsa
364 2005 514 2077 inerunt
527 2017 684 2102 reperta,
699 2028 779 2102 quae
795 2004 866 2074 nisi
884 2002 987 2075 ilium
1001 2028 1198 2103 assequan-

148 2138 208 2195 tur
220 2121 343 2212 finem,
353 2119 445 2193 nihil
458 2121 528 2191 nisi
540 2119 659 2191 futiles
669 2119 764 2212 soni,
772 2137 875 2190 aures
884 2117 1035 2215 quidem
1047 2120 1197 2215 feriunt,

146 2240 193 2311 ad
207 2239 371 2310 animum
385 2262 471 2311 vero
485 2263 563 2310 non
578 2238 777 2336 pertinent.

186 2358 334 2425 Docere
350 2378 419 2425 nos
435 2352 551 2425 voluit
567 2353 736 2425 Horatius
756 2353 795 2424 in
819 2351 877 2425 his
899 2353 1043 2443 Satiris,
1066 2372 1196 2429 conua

146 2472 233 2543 vitia
258 2485 380 2542 nostra
405 2470 578 2561 militare,
603 2470 754 2542 aiibctus
780 2485 1000 2568 temperare,
1024 2486 1195 2544 naturam

146 2589 184 2659 in
203 2586 462 2686 cupiditatibus
479 2585 712 2660 moderandis
733 2587 864 2660 ducem
884 2589 1007 2687 sequi,
1029 2613 1156 2661 verum
1173 2615 1196 2662 a

70 2736 75 2752 ¹
145 2704 249 2797 falso,
263 2721 333 2777 eta
350 2704 459 2777 rebus
475 2706 562 2803 ipsis
577 2730 699 2777 rerum
716 2706 854 2802 species
867 2704 1089 2798 discernere,
1103 2732 1196 2805 prae·

140 2823 317 2920 judicatas
327 2839 461 2896 temere
474 2825 670 2921 opiniones
684 2821 853 2919 abjicere,
868 2823 1047 2922 principia
1059 2838 1096 2895 et
1109 2848 1195 2897 cau·

142 2964 199 3011 sas
210 2942 398 3013 actionum
408 2955 614 3013 nostrarum
626 2953 831 3038 perspectas
841 2938 986 3030 habere,
999 2937 1193 3011 ridiculam

142 3058 302 3155 denique
323 3082 451 3129 corum
475 3058 710 3153 pertinaciam
731 3058 884 3144 evitare,
907 3054 990 3151 qui,
1014 3054 1150 3152 quibus
1171 3081 1194 3127 a

143 3173 350 3269 magistellis
371 3174 445 3244 suis
466 3171 705 3270 opinionibus
721 3171 852 3244 imbuti
864 3171 953 3244 olim
967 3171 1130 3263 suerunt,
1145 3174 1191 3246 iis

141 3288 322 3360 obstinate
337 3286 530 3377 inhaerent,
540 3279 643 3359 nulla
654 3286 777 3359 habita
790 3288 930 3366 ratibus
945 3286 1079 3385 quibus
1092 3289 1191 3361 iuni·

90 3483 96 3490 ,
141 3411 264 3479 tantur
282 3406 544 3496 fundamentis3
568 3431 645 3478 uno
664 3404 792 3498 verbo,
809 3407 848 3477 in
863 3429 908 3477 eo
922 3403 1134 3496 elaboravit,
1148 3422 1191 3478 ut

141 3550 210 3599 nos
221 3524 328 3597 nobis
338 3525 470 3617 felices,
483 3525 608 3631 amicis
620 3524 805 3620 jucundos
818 3539 853 3596 et
866 3516 1002 3621 fideles,
1013 3523 1189 3596 omnibus

56 3705 61 3713 ,
139 3640 359 3739 quibuscum
379 3641 550 3732 vivimus,
567 3640 798 3731 commodos,
817 3638 939 3730 utiles,
954 3653 991 3712 et
1004 3637 1188 3734 benignos

139 3771 331 3855 praestaret.
591 3764 594 3769 ⁴
887 3748 889 3752 ¹

186 3876 418 3972 Interpretari
436 3876 592 3948 auctoris
607 3874 732 3968 verba,
747 3875 941 3977 infiguras
955 3871 1113 3967 digitum
1126 3873 1185 3943 in·

19 4065 22 4068 ,
139 3991 307 4084 tendere,
330 3998 497 4066 Lectores
525 4019 591 4093 per
619 3994 793 4066 orationis
814 3988 995 4080 ,involutae
1021 3987 1184 4086 labyrin-

137 4109 231 4200 thos,
244 4123 305 4180 aut
316 4110 574 4244 parentheseos
587 4109 749 4183 obscurae
763 4105 943 4199 tenebras,
953 4104 1099 4195 ducere,
1107 4104 1184 4177 haec

135 4227 260 4300 omnia
272 4227 364 4298 nibil
378 4227 551 4299 eximium
564 4227 700 4301 habent
702 4251 802 4320 ,nec‚
816 4239 856 4296 ut
869 4223 1030 4321 loquitur
1041 4221 1236 4317 Epicte-

137 4343 632 4444 tus‚qu1dquampuichrum,
643 4345 876 4442 autsaprente
887 4339 1052 4437 dignum
1066 4334 1181 4410 ustil-
