2664 5242
134 896 187 968 36
421 893 465 978 Q.
491 890 699 959 tronum
724 890 899 958 sulcet

138 1041 173 1109 Si
190 1034 292 1107 modo
307 1033 405 1129 plura
421 1032 507 1101 mihi
524 1033 614 1101 bona
629 1046 723 1119 sunt,
740 1028 890 1100 inclinet.
906 1031 1025 1100 Amaci

137 1157 173 1225 Si
191 1151 279 1223 volet
295 1151 360 1221 hac
377 1149 468 1247 lege,
487 1151 523 1219 in
541 1150 668 1220 trutina
688 1165 834 1243 ponetur
850 1149 978 1219 eadem.

134 1272 224 1362 Qui,
240 1295 284 1338 ne
302 1269 476 1339 tuberibus
493 1268 640 1364 propriis
657 1266 810 1338 offendat
827 1270 992 1359 anticum,

136 1387 302 1478 Postulat,
317 1389 470 1485 ignoscet
485 1387 635 1457 verrucis
651 1384 758 1475 illius3
775 1411 906 1481 aequum
924 1403 992 1478 est,

136 1509 284 1579 Peccatis
301 1508 431 1577 venum
449 1520 644 1601 poscentem
661 1503 804 1575 reddero
822 1530 948 1576 rursus.
1154 1508 1193 1581 75

185 1628 359 1722 Denique,
376 1639 541 1720 quatenus
559 1624 670 1694 excidi
686 1626 820 1719 penitus
836 1625 956 1696 vitium
974 1628 1050 1716 irae,

138 1749 259 1817 Cetera
278 1748 358 1815 item
378 1759 549 1838 nequeunt
565 1741 675 1814 stultis
691 1743 872 1830 haercutia,
890 1769 951 1815 cur
968 1771 1038 1815 uon

136 1863 346 1934 Ponderibus
362 1859 573 1956 modulisque
589 1862 657 1930 suis
675 1861 764 1930 ratio
781 1862 888 1931 utitur
904 1885 962 1951 ac,
979 1886 1034 1931 res

137 1986 186 2053 Ut
201 2006 339 2078 quaeque
357 1994 426 2070 est,
442 1981 491 2051 ita
508 1978 681 2076 suppliciis
700 1977 823 2050 delicta
841 1980 997 2050 coerect?

139 2228 174 2277 tia
184 2224 351 2286 obliviscatur,
359 2233 389 2275 ut
399 2225 471 2275 bonis
481 2224 581 2275 dotibm
592 2232 646 2274 tau·
681 2222 751 2292 puris
763 2239 817 2275 esse
827 2233 854 2275 ct
863 2223 969 2289 sinilia,
977 2222 1126 2275 etauimum
1135 2240 1194 2291 spe-

138 2308 264 2361 tummodo
281 2308 371 2360 laneat.
390 2306 440 2358 Eu.
461 2334 496 2345 -
512 2305 608 2357 Amun'
624 2304 651 2355 εἰ
681 2307 795 2359 ctandum
816 2308 953 2375 peccantis,
967 2306 1193 2375 nonqnantitatem

137 2389 263 2443 calethac
273 2391 344 2459 lege,
356 2391 454 2442 si‘banc
470 2389 584 2441 amicitia
599 2407 647 2442 no·
683 2389 736 2452 rei,
750 2390 836 2459 inqua
852 2400 976 2458 peccatum
987 2399 1034 2442 est.
1048 2411 1062 2437 n
1075 2389 1126 2442 llic
1140 2406 1194 2441 csse

139 2486 195 2527 stra
202 2474 366 2527 conditionem
376 2470 590 2525 lutericus-tn
598 2485 648 2526 tm-
682 2475 781 2526 videtur
797 2475 953 2544 sequentium
970 2491 1025 2525 cum
1042 2475 1192 2543 praestem.

139 2560 204 2620 trien,
216 2569 318 2622 statera,
333 2558 449 2610 translate
460 2559 492 2608 de
503 2575 598 2616 norma,
609 2557 647 2609 rcl
683 2575 747 2609 vers.
767 2574 845 2609 uerus
858 2576 863 2607 :
883 2575 960 2627 quum
973 2559 1029 2610 siue
1039 2559 1109 2611 vitiis
1122 2577 1196 2612 uerno

140 2643 249 2704 ratione,
261 2642 374 2709 adquam
384 2658 423 2693 res
432 2641 513 2710 aliqua
523 2642 646 2710 pondera-
682 2653 811 2704 nascatur,
824 2652 850 2694 et
865 2643 917 2694 buc
930 2639 991 2694 vitia
1001 2643 1137 2711 exstirpari
1152 2659 1195 2694 ne·

140 2738 190 2778 tur.
205 2724 260 2777 Cic.
278 2724 311 2775 de
327 2723 399 2775 Orat.
416 2724 461 2792 11,
478 2736 510 2776 att
524 2741 530 2774 :
543 2744 558 2772 s
568 2725 599 2776 ud
618 2742 647 2777 ea
682 2737 784 2798 queant,
794 2728 1010 2790 curnon,'omissa
1028 2727 1071 2780 illa
1085 2744 1144 2795 erga
1154 2746 1194 2780 ce-

140 2810 282 2881 probandu,
296 2826 351 2878 qua
362 2826 410 2861 non
421 2809 529 2861 aurificis
540 2818 645 2871 statera,
683 2822 748 2865 tercs
758 2811 905 2877 severitate,
931 2821 1125 2879 uaequepeccata
1135 2829 1195 2880 pcr-

138 2895 181 2948 sed
194 2896 299 2966 quadam
315 2893 428 2963 populari
446 2894 539 2946 trutina
550 2893 648 2962 (norma
683 2894 831 2964 pendimus?
847 2894 897 2945 Eu.
907 2922 942 2932 -
952 2894 1036 2945 stultis
1051 2892 1193 2954 hoemntia,

138 2979 348 3048 aliqua‚adqusm
359 2976 648 3047 populusrespondcrat)
684 2980 760 3033 Stoici
779 2976 934 3047 appellabant
953 2993 1039 3029 omues
1060 2979 1154 3029 stultos
1171 2989 1197 3031 ct

140 3064 322 3115 examinantur.
336 3081 350 3109 u
684 3066 799 3127 insanos,
813 3063 869 3133 qui,
880 3079 953 3132 quam
966 3062 1003 3113 illi
1014 3063 1196 3116 concionabun-

177 3158 222 3198 ta.
248 3146 319 3212 Qui,
340 3162 373 3195 ne
390 3144 523 3196 tuben'bus
539 3148 649 3217 propni'r
686 3159 917 3213 tur‚nouexcrcere
926 3147 1193 3217 possentsaplentimu.

140 3228 271 3298 ufflndat,
284 3238 331 3280 etc,
350 3226 400 3293 Qui
414 3229 496 3297 cupit,
514 3240 542 3281 ut
558 3230 649 3284 amicus
685 3264 719 3275 -
729 3250 842 3286 ournon
855 3230 1017 3285 Ponderibus
1027 3231 1126 3285 modul.
1139 3235 1196 3284 suis

141 3314 249 3381 ignoscat
262 3312 313 3362 suis
328 3311 466 3373 tuberibus,
477 3312 504 3363 h.
517 3330 539 3364 e.
552 3315 648 3380 gravio·
686 3319 751 3370 tutio
760 3317 851 3378 κείων,
863 3334 908 3369 cur
919 3334 968 3368 uon
978 3316 1042 3367 mtto
1054 3314 1194 3384 (judicandi

143 3398 213 3450 ribus
220 3396 333 3465 percutis,
343 3395 386 3447 ille
394 3396 467 3447 amici
476 3399 585 3451 rennuis
593 3400 646 3452 lue.
686 3401 795 3466 laurltus,
807 3399 977 3469 philosophia)
990 3399 1051 3451 vitia
1060 3400 1092 3451 ud
1102 3412 1195 3453 cerum

141 3477 650 3547 levibusculpisignosceredebct3rerruca
686 3502 796 3539 normam
812 3484 917 3537 estimat
934 3495 960 3535 et
970 3484 1090 3551 dijudicat
1101 3522 1109 3549 ,
1122 3494 1148 3537 et
1161 3486 1196 3537 sic

143 3562 237 3615 scilicet
252 3563 341 3614 tubere
356 3562 434 3615 multo
450 3564 533 3616 minor
547 3577 593 3618 est.
609 3566 649 3620 Ad
685 3572 777 3624 leviora
786 3571 846 3623 vitia
858 3587 873 3623 a
883 3569 1034 3637 gravioribus
1047 3570 1196 3637 distinguit?

142 3650 206 3700 lianc
223 3646 370 3701 seutentiam
389 3647 454 3699 redit
471 3650 573 3701 verbum
588 3649 649 3702 illud
687 3654 905 3717 -Ponderibus‚
918 3655 1010 3724 quibus
1020 3654 1048 3705 in
1059 3654 1197 3707 lauoetnr-

142 3751 174 3786 ex
187 3731 291 3784 Mathai
303 3728 497 3799 Evangeliocap.
511 3743 540 3783 τε
555 3733 650 3800 «Ejice
687 3740 745 3790 tina
767 3739 853 3807 positis
874 3756 913 3790 res
930 3738 1079 3806 pendimus3
1099 3754 1197 3790 accom-

145 3818 251 3886 primum
264 3816 358 3867 trabem
368 3815 399 3866 de
410 3814 481 3867 oculo
491 3824 547 3882 tuo,
558 3827 584 3869 et
594 3829 651 3871 tunc
686 3824 794 3876 modarit
803 3834 874 3892 poeto
883 3823 948 3875 banc
955 3822 1103 3875 locutionem
1115 3823 1146 3874 ad
1160 3824 1197 3887 id,

142 3901 238 3955 ridebis
249 3901 337 3966 ejircrc
348 3900 467 3952 festucam
480 3901 511 3953 de
523 3903 592 3955 octrlo
603 3904 651 3956 lra-
685 3910 751 3978 quod
765 3909 790 3960 in
799 3927 823 3960 r.
837 3920 868 3962 72
882 3909 962 3961 dixit:
980 3928 994 3955 r
1007 3907 1033 3959 iu
1047 3909 1143 3959 trutina
1154 3927 1198 3977 po-

144 3988 190 4039 tris
200 3986 246 4037 tui.
260 3984 332 4036 uEn.
342 4013 377 4022 -
388 4001 493 4055 oequum
503 3999 552 4048 est,
565 3999 651 4041 mutua
686 4002 760 4043 nctur
773 3991 867 4043 eadem
881 4011 894 4040 u
907 4019 942 4031 --
951 3989 1075 4051 mcdulr's,
1089 3992 1121 4043 ad
1134 4009 1198 4061 quos

144 4066 648 4133 scilicetiudulgentiasitnecesseest.Bu.
687 4091 726 4125 res
743 4074 868 4126 metimur.
882 4103 918 4113 -
934 4075 1003 4134 suis,
1022 4076 1114 4143 quibus
1132 4077 1199 4130 ratio

186 4165 230 4207 ru.
257 4154 408 4219 Quatenus,
432 4154 649 4225 quandoquidem,
687 4167 802 4226 tunquam
822 4158 870 4209 sibi
889 4158 997 4227 propriis
1015 4157 1052 4208 uti
1069 4159 1198 4212 debet.—

145 4237 279 4306 quoniam,
290 4245 319 4284 ut
333 4251 401 4302 supr.
414 4236 458 4288 Sat
479 4237 508 4299 I,
523 4250 548 4303 t,
561 4249 604 4292 tt.
615 4270 650 4282 -
686 4256 733 4299 ac,
746 4254 787 4291 tas
799 4238 834 4291 Ut
845 4258 960 4312 qumque
974 4253 1024 4300 est,
1042 4244 1093 4301 aa,
1108 4254 1155 4295 otc.
1170 4261 1200 4297 uc

145 4318 356 4391 exordipem’tur,
375 4320 491 4374 radicitus
509 4324 649 4393 exstirpari.
687 4340 730 4376 cur
745 4342 794 4376 non
811 4326 888 4391 ratio,
901 4326 939 4377 uti
954 4326 1068 4395 quodque
1077 4326 1197 4379 delictum

146 4403 229 4458 Schol.
244 4402 337 4471 Por-pb.
352 4402 443 4455 ullius
454 4402 543 4475 (prosto)
556 4407 652 4474 paulla-
688 4419 851 4478 comparatum
862 4419 909 4475 est,
923 4411 967 4477 ita,
976 4410 997 4461 si
1007 4412 1118 4477 graviora
1127 4424 1198 4479 sunt,

148 4492 192 4543 tim
205 4508 235 4544 oo
244 4489 384 4553 descendit,
395 4500 422 4540 ut
433 4490 548 4542 advorsus
560 4492 652 4545 Stoicos
689 4494 816 4563 suppliciis
825 4496 987 4561 gravioribus,
995 4496 1016 4547 si
1025 4495 1197 4562 lariorasunt,

145 4574 268 4642 disputet,
287 4573 330 4643 qui
347 4572 446 4633 dicunt,
461 4584 555 4641 priuata
571 4576 653 4627 omrria
689 4579 822 4631 levioribus
832 4578 945 4632 coercct?
