2664 5242
1000 478 1003 487 r

409 576 413 584 ι

141 839 185 933 xij
309 837 376 904 DE
401 834 623 904 ORIGlNE
646 835 708 903 ET
732 837 1030 913 PROGRESSU

93 1068 96 1079 Ι
142 998 204 1046 cos
223 972 331 1044 ludos
354 972 582 1068 ignorarent,
603 995 692 1043 casu
715 971 806 1044 dum
828 972 906 1045 dies
931 973 1041 1046 festos
1061 1000 1127 1074 per
1146 977 1193 1051 ti·

142 1089 299 1161 centiam
314 1102 349 1159 et
361 1086 543 1159 lasciviam
557 1088 745 1183 agitarent,
759 1089 798 1159 in
809 1080 934 1161 versus
945 1095 1194 1167 Fescenninos

141 1207 380 1280 et-Saturnios
395 1205 618 1298 inciderunt,
627 1207 691 1303 qui
705 1220 832 1303 postea
843 1207 884 1278 in
899 1209 1018 1280 scenis
1029 1234 1097 1306 per
1109 1236 1195 1283 cen·

141 1335 220 1397 tum
242 1339 278 1395 et
299 1324 427 1419 viginti
450 1322 524 1394 sere
547 1346 665 1394 annos
687 1322 812 1396 locum
833 1349 942 1396 suum
964 1329 1071 1398 tutati
1093 1345 1193 1402 sunt.

189 1448 352 1514 Fuerunt
375 1441 434 1513 isti
457 1464 582 1513 versus
606 1440 765 1539 impoliti
788 1458 825 1515 et
842 1468 972 1542 parum
989 1448 1194 1531 numerosi,

141 1572 268 1657 utpote
296 1557 498 1648 subitanei,
522 1571 558 1629 et
584 1581 605 1628 a
633 1557 773 1654 populo
801 1558 871 1630 lusi
898 1558 1018 1634 adhuc
1045 1562 1130 1635 rudi
1157 1578 1195 1634 et

26 1701 32 1711 ¹
114 1692 118 1705 “
139 1674 289 1772 agresti,
305 1673 442 1770 quique
461 1696 539 1743 non
558 1672 671 1744 alium
692 1674 902 1769 magistrum
921 1690 1064 1770 nosset,
1082 1701 1195 1775 quarn

56 1831 59 1835 f
140 1797 306 1867 Cererem
319 1804 356 1861 et
368 1787 560 1861 Bacchum.
578 1794 657 1861 Hoc
672 1814 786 1886 genus
804 1792 974 1864 carminis
991 1792 1196 1892 implebant

140 1907 387 1983 cavillationes
398 1922 435 1978 et
448 1907 646 2005 opprobria
661 1909 806 1999 rustica,
816 1907 989 1982 adhibitis
1004 1913 1195 2006 gesticula-

140 2027 306 2099 tionibus
324 2039 361 2096 et
377 2023 631 2097 saltationibus
652 2025 827 2098 ridiculis.
839 2032 935 2098 ilem
949 2027 1147 2125 intelliges,
1163 2033 1194 2103 si

141 2143 192 2215 ob
207 2142 334 2215 oeulos
354 2141 420 2212 tibi
437 2165 621 2238 proponas
642 2139 763 2213 bonos
784 2141 830 2212 de
851 2165 944 2239 pago
966 2144 1063 2214 viros
1082 2148 1194 2217 rusti·

96 2289 103 2295 ·
138 2286 266 2334 corum
293 2282 395 2330 more
422 2256 611 2348 saltantes,
639 2283 716 2330 sese
744 2273 873 2330 mutuo
900 2266 1192 2358 extemporaneis

99 2390 104 2404 “
139 2376 314 2451 conviciis
336 2378 575 2464 insectantes,
594 2397 714 2472 eaque
729 2375 767 2446 in
792 2376 889 2447 vices
910 2376 1192 2473 exprobrantes,

12 2543 21 2562 .
137 2517 294 2592 quorum
306 2489 398 2562 alius
412 2488 473 2580 alii
487 2490 625 2562 conscii
640 2504 738 2561 sunt.
749 2495 827 2563 Hoc
841 2508 896 2563 est
908 2493 1010 2590 quod
1019 2495 1192 2569 Horatius

87 2692 89 2697 ,
139 2609 239 2701 dicit,
255 2608 366 2704 Epist.
380 2610 421 2696 ll,
438 2630 467 2695 1,
482 2604 567 2692 145:
581 2607 834 2678 «Fescennina
847 2633 912 2705 per
926 2607 1028 2681 hunc
1042 2610 1193 2686 inventa

43 2734 51 2761 l
139 2727 286 2799 licentia
308 2745 449 2794 morem
472 2721 641 2794 Versibus
665 2721 813 2794 alternis
835 2723 1034 2822 opprobria
1056 2731 1193 2803 rustica

140 2842 274 2916 ludit.»
290 2839 482 2911 lnfraenam
499 2835 595 2910 banc
615 2851 651 2909 et
665 2837 911 2935 impotentem
927 2837 1112 2914 licentiam
1128 2871 1191 2917 ex·

139 2961 236 3059 cepit
259 2983 334 3030 non
354 2958 405 3029 ita
424 2968 508 3052 post
528 2954 620 3026 alius
637 2954 780 3052 generis
797 2980 963 3048 carmen,
980 2959 1191 3055 castigatius

139 3077 289 3175 quidem
302 3073 411 3161 illud,
425 3071 491 3142 sed
504 3071 677 3143 refertum
688 3072 796 3143 etiam
805 3072 965 3145 dicteriis
978 3073 1024 3144 ad
1040 3101 1193 3151 moven-

140 3195 230 3268 dum
247 3192 361 3262 risum
375 3186 607 3282 comparatis,
623 3185 725 3284 quod
743 3201 863 3259 tamen
879 3187 971 3259 nihil
989 3192 1192 3287 turpitudi-

140 3310 198 3381 nis
213 3303 420 3378 admiseritz
434 3303 638 3399 comparuit
653 3302 726 3376 hoc
742 3328 887 3391 carmen
902 3302 971 3384 sub
984 3307 1107 3379 Satira
1119 3334 1191 3384 no-

139 3426 238 3498 mine
255 3420 305 3495 ob
321 3420 528 3492 varietatem
542 3443 660 3508 suam3
674 3443 755 3518 quae
771 3419 921 3518 quidem
940 3421 1053 3492 Satira
1069 3440 1191 3498 certos

134 3542 264 3618 habuit
280 3536 422 3626 modos,
440 3536 478 3608 id
494 3549 565 3627 est,
582 3539 764 3609 musicum
776 3553 813 3610 et
826 3553 1089 3634 congruentem
1106 3566 1190 3616 mo-

139 3677 236 3753 tum,
256 3656 420 3752 relegatis
433 3651 595 3749 gestibus
607 3654 730 3726 minus
742 3654 918 3727 honestis.
932 3656 1032 3728 Titus
1045 3658 1190 3752 Livius,

136 3777 202 3850 lib.
219 3779 297 3863 Vll,
312 3796 390 3871 cap.
409 3796 454 3842 a:
474 3769 708 3845 «vernaculis
725 3769 939 3863 artificibus,
959 3773 1045 3870 quia
1063 3779 1194 3848 Hister·

136 3901 253 3968 Tusco
277 3889 388 3962 verbo
407 3885 529 3962 badio
555 3887 768 3978 vocabatur,
791 3913 925 3960 nomen
948 3889 1192 3982 histrionibus

139 3989 385 4106 inditum,⁰qui
398 4032 489 4099 non,
503 4006 598 4078 sicut
609 4020 706 4097 ante,
718 4007 947 4078 Fescennino
960 4030 1066 4077 versu
1083 4007 1188 4080 simi·

136 4134 210 4208 lem
228 4127 669 4227 incompositum‘temere
690 4152 733 4199 ac
754 4127 885 4201 rudem
905 4127 1053 4200 alternis
1070 4129 1186 4224 jacie·

134 4254 242 4343 bant,
262 4248 326 4320 sed
351 4247 516 4346 impletas
535 4247 655 4319 modis
677 4248 827 4334 Satires,
847 4247 1030 4345 descripto
1044 4248 1120 4344 jam
1137 4249 1186 4320 ad

137 4369 326 4443 tibicinem
342 4379 471 4457 cantu,
491 4376 665 4460 motuque
686 4362 1153 4461 congruentiperagebant.
1165 4391 1184 4430 s
