2664 5242
351 368 541 442 SATIRAE
565 368 803 438 ROMANAE.
1025 368 1103 464 xxiij

59 508 136 582 dior
152 531 266 606 quam
284 503 457 579 fidentior
470 506 609 603 cogito,
623 504 730 602 quale
747 504 794 609 de
809 503 984 603 operibus
997 508 1098 596 meis,

59 628 85 698 si
103 625 207 698 bono
226 650 295 698 suo
313 625 386 697 sato
401 648 445 696 eo
461 623 668 723 pertingere
682 623 842 721 possint,
857 622 1038 721 judicium
1051 622 1103 695 la·

60 759 134 817 tura
146 745 205 816 sit.
220 748 301 815 Non
313 740 396 813 ideo
409 754 533 812 tamen
544 738 698 810 minoris
710 739 848 812 aestimo
858 740 987 812 doctos
996 741 1104 829 viros,

58 862 116 957 qui
134 860 248 932 hodie
271 859 418 945 vivunt,
443 853 553 927 multi·
568 870 672 946 sunt,
691 855 820 949 fateor,
842 858 906 953 qui
931 856 1104 929 saeculum

58 992 224 1052 nostrum
243 988 441 1064 exornant,
463 973 527 1070 qui
548 973 670 1070 priora
690 975 896 1071 potuissent
911 999 1103 1063 exornare;

58 1092 252 1192 inquibus
274 1108 395 1163 tamen
421 1114 470 1162 nc
496 1088 613 1161 unum
637 1088 788 1187 quidem
812 1092 918 1182 novi,
939 1092 1003 1188 qui
1026 1115 1103 1163 non

58 1210 213 1282 honoret
229 1223 267 1281 et
284 1206 380 1280 colat
397 1206 586 1303 antiquos,
609 1206 669 1278 cui
693 1231 769 1285 non
794 1206 893 1278 idem
914 1206 1015 1303 quod
1035 1205 1105 1279 illis

58 1328 188 1424 sapiat,
206 1340 272 1396 aut
289 1324 354 1420 qui
372 1345 501 1394 eorum
513 1336 698 1421 ‘praecepta
715 1346 791 1394 non
807 1321 991 1415 observet,
1008 1323 1106 1397 unde

58 1458 235 1543 quantum
253 1441 490 1531 aberraveris,
507 1454 650 1512 tantum
666 1441 808 1540 abipsa
825 1457 954 1514 natura
967 1455 1004 1514 et
1017 1442 1108 1513 veri·

59 1576 128 1634 tate
149 1561 372 1634 discesseris.
395 1564 518 1657 Neque
541 1583 665 1630 verear
682 1557 913 1650 confirmare,
932 1583 1009 1631 non
1028 1583 1106 1631 esse

59 1679 242 1753 difficilius
255 1680 335 1767 sine
345 1677 428 1750 luce
439 1691 502 1749 aut
519 1677 599 1748 sine
609 1676 725 1780 oculis
734 1676 876 1774 objecta
888 1678 1106 1775 perspicere,

60 1825 166 1896 quam
179 1797 337 1870 solidam
350 1793 495 1868 laudem
508 1794 680 1894 adipisci,
693 1809 729 1865 et
741 1796 930 1891 ingenium
945 1794 1108 1867 excolere

60 1917 134 1988 aliis
149 1911 375 2003 rationibus,
396 1937 507 2010 quam
525 1937 616 2008 quas
632 1913 745 1984 Graeci
771 1926 808 1983 et
824 1913 978 1984 Romani
1000 1911 1108 1984 nobis

62 2035 381 2132 praescripserunt:
411 2032 486 2102 sive
517 2031 616 2101 enirn
644 2031 800 2127 propriis
831 2030 944 2103 felicis
970 2031 1108 2127 ingenii

61 2152 197 2224 viribus
213 2149 345 2238 innixi,
357 2150 432 2220 sive
446 2146 494 2218 ab
507 2162 582 2218 arte
597 2163 632 2218 et
644 2148 775 2218 studiis
788 2148 971 2239 instructi,
984 2172 1109 2218 earum

61 2269 219 2364 vestigiis
236 2281 356 2336 tamen
371 2263 613 2349 succedimus.
629 2264 701 2351 Qui
719 2279 840 2335 autem
853 2265 1031 2361 Antiquos
1045 2264 1109 2335 dn·

62 2398 200 2473 mnant,
213 2405 322 2454 causa
335 2405 411 2452 non
430 2381 588 2476 cognita,
604 2404 680 2450 non
694 2379 759 2451 abs
773 2406 811 2451 re
825 2384 904 2469 erit,
919 2404 982 2451 eos
999 2379 1109 2452 semel

62 2515 97 2570 et
111 2497 222 2571 simul
237 2512 340 2568 tanto
356 2521 476 2567 errore
490 2493 661 2586 liberare,
676 2510 716 2564 ut
732 2496 820 2592 ipsis
831 2494 950 2593 palam
964 2495 1040 2585 fiat,
1056 2521 1108 2587 se,

63 2614 150 2687 dum
165 2614 282 2692 nimio
300 2613 337 2683 in
356 2612 451 2684 hano
467 2627 606 2684 aetatem
622 2612 744 2684 studio
761 2615 952 2685 transversi
963 2616 1111 2711 rapiun-

62 2751 136 2824 tur,
160 2735 240 2829 ejus
267 2732 369 2803 samae
395 2731 493 2829 apud
516 2747 682 2829 posteros
704 2733 953 2827 gravissimum
975 2732 1108 2807 vulnus

63 2849 315 2948 imprudentes
347 2847 522 2943 infligere.
556 2847 753 2934 Quodnam
785 2849 884 2919 enim
918 2851 1109 2946 excogitari

63 2982 185 3065 potest
205 2967 336 3038 clarius
352 2980 610 3062 argumentum
630 2966 677 3037 ad
696 2968 815 3043 saeculi
834 2971 992 3065 cujusvis
1012 2971 1110 3064 igno·

63 3084 239 3172 rantiam,
277 3096 339 3152 aut
376 3082 499 3180 potius
532 3080 734 3164 barbariem
768 3082 1110 3176 demonstrandam,

63 3228 174 3301 quam
199 3201 303 3299 quod
331 3200 382 3273 ibi
407 3206 587 3272 Homerus
611 3201 733 3272 audiat
756 3202 920 3299 ineptus,
941 3203 1040 3277 Plato
1063 3206 1110 3278 ad

63 3318 249 3393 fastidium
275 3318 453 3416 prolixus,
476 3318 683 3389 Aristoteles
708 3343 835 3416 parum
862 3318 1008 3412 doctus,
1039 3326 1110 3395 De-

63 3435 275 3508 mosthenes
303 3451 340 3507 et
371 3436 497 3507 Cicero
522 3460 543 3506 e
568 3436 674 3507 trivio
706 3437 919 3528 oratorcnli,
941 3439 1110 3536 Virgilius

63 3567 172 3650 poeta
190 3550 304 3622 nullis
318 3551 456 3646 gratiis,
477 3551 580 3622 nullo
599 3564 749 3642 ornatu,
767 3554 937 3625 Horatius
951 3555 1110 3654 deniqne

64 3669 184 3760 rudis,
201 3666 354 3740 humilis
371 3683 407 3738 et
423 3669 503 3740 sinc
520 3668 665 3740 nervis?
689 3667 849 3739 Barbarae
874 3669 943 3741 itlae
968 3687 1111 3767 gentes,

64 3811 144 3886 quae
169 3787 343 3859 Graeciam
372 3800 409 3856 et
436 3785 573 3857 ltaliam
601 3785 836 3883 populantes,
863 3800 964 3858 tanto
992 3789 1113 3863 lurore

66 3904 333 4001 grassabantur,
347 3903 437 4000 quid
452 3928 615 4002 unquam
631 3906 668 3975 in
681 3903 846 3976 delendis
860 3904 1113 4001 pulcherrimis
