2664 5242
238 850 305 944 xxij
405 849 472 919 DE
496 845 718 918 ORIGINE
743 849 804 917 ET
828 850 1124 921 PROGRESSU

238 985 402 1058 laborem
419 1010 527 1058 snum
542 984 802 1060 contulerunt:
818 985 929 1061 laudo
949 987 1097 1061 illorum
1114 1004 1287 1079 conatus,

238 1105 302 1201 qui
321 1103 410 1176 mihi
426 1106 520 1177 viam
536 1117 770 1203 aperuerunt.
789 1103 827 1177 Si
846 1129 917 1202 qua
938 1106 976 1176 in
998 1131 1037 1177 re
1053 1131 1120 1203 ego
1143 1131 1206 1179 eos
1225 1133 1289 1179 su·

122 1250 124 1255 ¹
237 1222 380 1320 peravi,
397 1244 508 1293 omne
527 1220 619 1293 illud
637 1235 828 1318 acceptum
847 1221 964 1294 refero
984 1225 1125 1319 magnis
1145 1224 1222 1295 istis
1244 1249 1291 1296 ex

95 1341 98 1348 '
213 1385 218 1394 -
236 1338 449 1436 antiquitate
463 1332 560 1431 viris,
574 1363 667 1438 quos
679 1339 816 1436 majore
830 1363 915 1411 cum
929 1363 1026 1432 cura,
1041 1342 1178 1438 majore
1190 1357 1290 1414 certe

237 1456 333 1548 otio,
352 1456 445 1553 legi:
465 1461 665 1530 Homerum
686 1456 789 1548 dico,
810 1457 1020 1550 Platonem,
1037 1459 1289 1552 Aristotelem,

144 1605 145 1608 ¹
237 1570 399 1672 aliosque
424 1589 499 1646 tam
514 1580 676 1664 Graecos,
703 1599 813 1672 quam
834 1577 1001 1668 Latium,
1025 1602 1119 1676 quos
1141 1578 1289 1651 assidue

236 1704 332 1782 tero,
348 1705 390 1762 ut
403 1692 450 1764 ad
464 1716 592 1764 eorum
609 1705 755 1788 gustum
769 1692 965 1764 reformem
983 1717 1123 1785 meum,
1138 1720 1287 1767 eorum·

111 1852 114 1857 -
235 1831 308 1904 que
325 1807 489 1878 fontibus
503 1807 644 1903 ingenii
659 1822 696 1877 et
712 1807 842 1903 judicii
859 1808 931 1879 mei
944 1807 1111 1881 hortulos
1127 1811 1288 1906 irrigem.

283 1916 369 1995 Non
386 1921 539 2012 desunt,
562 1923 656 2010 scio,
674 1920 732 1993 his
749 1921 975 2020 temporibus
994 1925 1058 2021 qui
1075 1949 1205 2021 magna
1223 1925 1287 1998 illa

234 2042 386 2112 nomina
398 2040 474 2111 risu
488 2040 692 2137 excipiunt,
709 2039 773 2138 qui
787 2038 988 2112 reclamant
1004 2039 1190 2134 laudibus,
1205 2044 1289 2141 qui-

233 2157 302 2230 bus
320 2181 386 2255 per
401 2157 525 2228 omnia
539 2155 669 2227 saecula
685 2153 857 2227 celebrati
873 2158 1065 2255 ornatique
1080 2174 1187 2250 sunt,
1204 2160 1288 2256 qui·

234 2301 305 2375 que
325 2275 407 2348 illos
426 2273 581 2373 spoliare
600 2273 713 2346 velint
732 2274 776 2346 iis
796 2275 963 2367 coronis,
979 2299 1068 2372 quas
1090 2290 1194 2348 tanto
1215 2302 1285 2350 suo

233 2392 365 2464 merito
379 2405 464 2462 ante
481 2389 641 2463 tribunal
655 2390 747 2463 adeo
765 2405 961 2486 augustum
981 2407 1225 2489 reportarunt.
1239 2399 1286 2466 At

107 2562 112 2577 .
233 2508 283 2600 hi,
297 2508 387 2580 dum
400 2507 517 2578 nimio
531 2507 735 2578 efferuntur
747 2507 871 2580 studio
883 2531 962 2578 eam
976 2507 1160 2580 devitandi
1170 2509 1287 2581 admi-

232 2625 429 2714 rationem,
450 2648 530 2722 quae
553 2637 677 2695 mater·
691 2638 746 2695 est
765 2628 1007 2726 ignorantiae,
1030 2624 1286 2722 imprudentes

232 2742 426 2817 discedunt
445 2741 493 2814 ab
512 2740 622 2814 altera
644 2741 723 2834 illa,
744 2767 854 2841 quam
871 2742 971 2814 Plato
989 2760 1180 2841 nuncupat
1201 2770 1286 2816 ma·

230 2872 322 2932 tram
345 2863 560 2957 sapientire,
588 2878 741 2956 quaeque
766 2858 883 2957 prima
911 2858 1039 2932 oculos
1067 2843 1286 2935 hominibus

231 2979 383 3077 aperuit.
411 2979 561 3050 Minime
586 2979 700 3049 miror
727 2975 1040 3075 pulchritudinem
1066 2978 1163 3049 illam
1187 2978 1283 3051 divi-

230 3118 332 3186 nam,
344 3119 424 3191 quae
434 3093 534 3190 apud
547 3095 740 3190 scriptores
755 3091 863 3188 longe
879 3094 1194 3191 praestantissimos
1206 3094 1285 3165 elu-

231 3225 304 3300 cet,
321 3211 410 3282 istos
426 3210 595 3281 homines
613 3234 690 3281 non
709 3230 852 3307 capere,
867 3233 987 3307 neque
1002 3210 1160 3299 trahere3
1177 3211 1283 3283 infir-

229 3329 363 3400 miores
391 3340 496 3417 sunt,
519 3350 628 3423 quam
656 3340 698 3397 ut
724 3325 851 3399 oculos
879 3326 989 3397 tantis
1017 3325 1283 3425 splendoribus

232 3447 394 3517 intentos
418 3442 488 3514 diu·
505 3457 629 3514 tenere
651 3456 810 3539 queantz
831 3465 879 3512 ne
901 3440 1021 3513 dicam
1042 3442 1188 3514 facilem
1201 3467 1281 3515 esse

229 3585 307 3633 rem
329 3560 508 3657 Antiquos
533 3572 788 3648 contemnere,
815 3555 1034 3629 laboriosam
1059 3581 1142 3629 vero
1169 3558 1280 3630 intel·

228 3677 351 3774 ligere.
700 3754 704 3760 ,

274 3795 384 3883 Quod
398 3794 444 3867 ad
462 3818 519 3866 me
536 3792 686 3880 attinet,
704 3793 857 3866 Divinos
875 3792 957 3866 illos
970 3790 1076 3866 Viros
1091 3818 1136 3865 ex
1152 3795 1278 3868 animo

230 3925 329 3984 totus
342 3910 504 3984 admiror
516 3923 554 3980 et
567 3931 731 3980 veneror.
748 3913 818 3981 Eos
831 3909 923 3982 mihi
936 3934 1080 4008 semper
1087 3908 1137 3982 ob
1148 3910 1278 3983 oculos

225 4048 343 4130 pono,¹
365 4028 465 4101 velut
482 4027 624 4125 judices
644 4027 824 4100 verendos
846 4042 882 4100 et
904 4029 1155 4126 incorruptos,
1176 4024 1275 4126 apud

224 4170 318 4245 quos
334 4145 494 4219 libenter
510 4143 610 4241 fingo
624 4143 849 4216 reddendam
861 4144 953 4217 mihi
964 4134 1041 4217 esse
1054 4145 1273 4242 scriptorum

227 4289 392 4337 meorum
408 4265 602 4336 rationem.

276 4384 404 4480 Magna
418 4382 566 4454 interim
583 4372 700 4454 ducor
712 4379 931 4478 posteritatis
945 4380 1163 4471 reverentia:
1178 4380 1274 4451 timi·
