2664 5242
289 115 342 178 xiv
460 117 521 178 tlt]
548 114 766 178 (llllGle'
793 117 850 178 lj't‘
878 117 1166 182 l'llOGllESSU

287 248 1331 345 ipsiusctianillomnriexemplum,idsibijurissunipserit,

286 379 326 434 ut
354 363 458 461 plura
485 364 689 434 carminum
715 386 868 458 genera,
896 363 1059 436 confusis
1087 365 1314 437 hexametris

286 477 470 565 iambicis,
484 484 657 553 trimetris
667 494 703 553 et
719 487 939 554 tetrametrir
954 481 1162 568 trochaicis,
1179 479 1317 554 commi

284 610 416 690 sceret,
430 609 471 668 ut
484 622 529 670 ex
542 597 771 694 fragmentis,
784 623 866 698 quoe
881 618 1095 701 supersunt,
1109 599 1195 673 satis
1209 599 1324 696 liquet

333 715 473 789 Videtis
495 729 786 804 tetrametrorum
808 700 1017 817 exemplum
1036 719 1084 793 ab
1105 716 1198 792 Aulo
1215 713 1329 791 Gelli

286 847 556 925 conservatum,
574 831 727 932 dignum
750 858 853 926 sane,
871 836 973 934 quod
993 836 1044 910 ob
1065 837 1234 910 eximiam
1252 830 1319 936 pul

286 950 532 1026 chritudinem
549 951 609 1026 hic
624 968 844 1052 reponatur:

363 1109 428 1178 Hoc
441 1109 496 1168 erit
505 1109 561 1167 ,tibi
573 1120 778 1187 argumentum
789 1128 904 1186 semper
916 1111 946 1168 in
960 1120 1100 1188 promptu
1112 1108 1214 1177 situm,

368 1209 411 1280 Ne
424 1209 496 1285 quid
508 1215 653 1289 exspectes
665 1209 787 1280 amicos,
799 1210 881 1286 quod
895 1221 955 1269 tute
968 1229 1053 1288 agere
1065 1209 1164 1287 possis
1234 1255 1238 1261 .

332 1364 656 1437 Annumeraverim
673 1389 784 1463 porro
800 1366 910 1437 Ennii
923 1369 1053 1437 Satiris
1067 1363 1220 1437 alteram
1239 1359 1330 1434 illan

287 1479 446 1580 speciem
458 1504 630 1552 versuum
641 1481 707 1580 qui
724 1495 867 1552 essunt
883 1495 1084 1572 venustate,
1095 1504 1136 1552 ea
1148 1478 1328 1574 elegantia

284 1614 326 1671 ut
341 1595 517 1671 saeculum
531 1598 640 1695 longe
656 1623 827 1697 superare
842 1599 1047 1672 videantur.
1065 1603 1163 1672 'Rem
1183 1621 1262 1669 non
1280 1597 1321 1671 in

287 1730 421 1811 gratam
436 1714 571 1805 fecero,
585 1714 616 1785 si
631 1713 778 1802 lectoris
792 1714 910 1786 oculis
924 1713 1138 1811 subjecero:

250 1936 252 1942 Α
365 1875 432 1933 Νοιι
444 1874 540 1932 habeo
554 1875 679 1952 denique
689 1877 776 1934 nauci
788 1876 920 1933 Marsum
932 1878 1098 1952 Augurem,

363 1977 432 2035 Non
444 1977 560 2035 nsanos
572 1979 742 2055 Aruspices,
755 1996 817 2035 non
830 1978 867 2035 de
881 1977 966 2034 Circo
980 1976 1160 2052 astrologos,

363 2076 391 2135 N
392 2095 431 2133 on
444 2077 550 2133 Isiacos
565 2067 765 2151 Conjcctores,
778 2093 840 2131 non
854 2075 1030 2150 Interpretcs
1042 2073 1206 2130 somnium:

366 2181 434 2236 Non
447 2177 525 2236 enim
537 2188 604 2234 sunt
617 2176 654 2246 ii,
667 2187 718 2234 aut
730 2175 861 2245 edenda,
875 2186 925 2234 aut
938 2186 1000 2232 arte
1012 2174 1116 2243 divr'rei,

367 2278 424 2337 Sed
437 2277 623 2354 superstitiosi
636 2270 729 2347 rates,
742 2277 980 2354 impudentesque
993 2276 1114 2348 harioli,

367 2383 427 2435 Aut
439 2379 559 2446 inertes,
574 2389 624 2434 aut
637 2376 745 2446 insani,
760 2388 809 2434 aut
822 2375 928 2450 quibm
942 2385 1050 2450 egestas
1064 2376 1206 2452 imperat:

366 2477 425 2549 Qui
437 2476 482 2533 sni
495 2488 620 2551 questus
631 2495 716 2534 caum
730 2475 810 2533 fictus
823 2475 959 2532 suscitant
972 2477 1139 2546 sententias,

368 2582 426 2655 Qui
439 2581 493 2640 sibi
505 2581 632 2639 semitam
646 2601 707 2639 non
720 2580 849 2658 sapiunt,
864 2581 947 2640 alteri
959 2593 1123 2640 monstrant
1135 2584 1230 2653 viam,

368 2684 479 2759 Quibus
492 2683 604 2740 divitias
617 2683 800 2760 pollicentur,
813 2683 850 2740 ab
864 2683 898 2740 iis
911 2684 1081 2740 drachmam
1095 2695 1216 2761 petunt,

370 2786 415 2842 De
426 2784 532 2841 divitiis
544 2784 688 2842 deducant
701 2783 884 2853 drachmam,
898 2784 1021 2841 reddant
1033 2777 1138 2842 cetera.

220 2924 227 2935 ’
341 2937 499 3010 Plurima
514 2963 559 3009 ex
574 2936 632 3009 his
648 2936 772 3010 Satiris
789 2935 992 3037 desumpsit
1009 2941 1196 3031 Horatius,
1215 2956 1256 3013 ut
1272 2967 1322 3014 m.

296 3056 470 3129 nilcstum
485 3056 552 3127 erit
567 3071 672 3128 notas
686 3071 829 3129 nostras
843 3057 1063 3130 consulenti.

342 3180 426 3248 Post
441 3177 601 3248 Ennium
619 3191 721 3248 ortus
738 3177 931 3262 Pacuvius,
951 3178 1082 3250 Satires
1100 3179 1179 3276 ipsc
1195 3203 1323 3278 quoqu

295 3296 370 3366 sive
398 3292 641 3385 avunculum,
658 3295 741 3367 'sive
771 3320 879 3367 avum
910 3320 976 3393 per
1002 3311 1154 3369 matrem
1184 3297 1327 3370 imitatu

297 3410 453 3508 scripsit.

252 3517 274 3554 ⁸·
346 3533 457 3601 Natus
481 3543 536 3601 est
561 3526 726 3601 Lucilius
747 3530 786 3603 in
811 3553 855 3602 eo
883 3544 1065 3629 tempore,
1091 3554 1166 3630 quo
1191 3532 1324 3604 maxim

296 3645 449 3721 florebat
463 3647 646 3720 Pacuvius.
663 3650 878 3746 Composuit
895 3663 930 3721 et
950 3649 1011 3721 ille
1027 3650 1171 3743 Satires,
1185 3648 1249 3723 sed
1262 3651 1326 3747 qui
