2664 5242
375 369 563 442 sirmia
586 369 825 440 souma.
1064 375 1116 469 xxj

10 590 17 604 ἢ
95 507 140 582 lud
150 511 328 609 praeeipue
338 507 704 601 adnitendum,illud
714 508 1069 608 palmarium,usum
1081 529 1117 587 et

90 629 227 700 rationes
246 627 382 699 horum
400 638 667 724 praeceptorum
688 627 901 718 ostendere,
918 628 1118 728 eademque

84 742 343 815 auetoritatibus
353 742 496 833 fulcire,
508 757 550 814 ut
563 741 682 839 palam
696 743 870 816 omnibus
885 742 963 836 frat,
976 771 1040 819 eos
1052 747 1119 846 qui

80 885 187 932 mores
203 886 293 933 suos
309 861 357 933 ad
374 859 445 933 hoe
463 859 655 959 speculum
672 883 894 958 componere
908 862 1117 960 negligunt,

73 981 164 1076 paria
178 979 295 1051 faeere
312 962 472 1074 aegro‘tis,
490 978 555 1074 qui
569 976 704 1068 libros,
721 976 787 1050 ubi
806 979 964 1052 remedia
978 983 1118 1057 morbis

70 1099 139 1167 suis
162 1094 472 1194 pmscribuntur,
490 1093 610 1190 legere
633 1096 818 1186 contenti,
842 1096 1116 1172 medici-consi·

66 1212 154 1285 lium
175 1225 321 1285 tantum
339 1213 443 1285 abest
464 1227 504 1284 ut
522 1212 684 1309 capiant,
699 1227 740 1284 ut
754 1237 801 1284 ne
815 1212 1020 1310 intelligant
1033 1219 1115 1315 qui·

63 1331 147 1403 dem
163 1332 243 1428 ejus
259 1330 465 1403 utilitatem.
651 1321 653 1327 ¹

109 1455 192 1522 Non
215 1449 318 1547 quod
340 1472 408 1546 ego
434 1449 474 1519 in
501 1449 773 1520 commentariis
797 1450 887 1521 meis
913 1451 1112 1551 quidquam

60 1566 181 1638 sciens
205 1565 332 1638 volens
351 1565 663 1663 praetermiserim,
688 1563 790 1662 quod
815 1565 864 1637 ad
890 1571 1113 1661 grammatici

59 1680 225 1754 officium
241 1681 434 1779 pertineat.
456 1684 572 1778 Spero
589 1680 629 1752 id
644 1704 816 1753 sensuros
834 1706 912 1753 esse
928 1687 1112 1778 Lectores,

60 1825 181 1898 neque
192 1801 269 1896 jam
282 1798 393 1870 ullam
408 1797 678 1897 supersuturam
698 1799 737 1868 in
756 1798 877 1870 verbis
893 1803 1032 1874 Horatii
1044 1803 1114 1876 dif-

59 1914 261 1988 ficultatem
273 1940 282 1983 ε
296 1915 387 1986 at'in
400 1914 496 1986 hanc
510 1938 634 1986 curam
647 1914 828 2011 praeoipue
840 1914 1005 2007 incubui,
1015 1933 1113 1991 utar·

59 2048 250 2129 gumenta,
264 2058 345 2131 quae
359 2046 503 2123 tractat,
519 2032 755 2120 illustrarem
770 2056 879 2129 quam
896 2035 1020 2108 solidae
1037 2038 1111 2111 sint

58 2153 231 2242 rationes,
240 2175 330 2249 quas
340 2149 501 2240 adhibet,
513 2148 759 2246 indigitarem3
773 2164 815 2221 ut
827 2150 1035 2249 expedirem
1049 2156 1112 2226 cir·

57 2269 179 2340 cuitus
192 2283 231 2340 et
243 2266 423 2363 ambages,
438 2290 503 2364 per
520 2290 610 2363 quas
625 2267 896 2362 nonnunquam
913 2268 1051 2341 incedit
1064 2271 1111 2345 ad

58 2383 191 2482 placita
207 2368 272 2456 sua
289 2382 559 2475 confirmanda,
581 2399 616 2456 et
637 2383 684 2454 ad
699 2387 878 2456 contraria
899 2386 1109 2479 refutanda,

59 2502 117 2575 vel
135 2502 337 2593 eludenda,
356 2519 397 2575 ut
409 2504 597 2575 veritatem
612 2505 855 2574 assertionum
870 2503 984 2599 ipsius
998 2505 1109 2578 stabi·

58 2617 181 2708 lirem3
200 2636 243 2690 ut
261 2620 439 2692 vafritiem
459 2622 554 2718 ejus,
574 2619 638 2690 ubi
659 2620 762 2716 quasi
785 2644 829 2690 ex
851 2620 994 2693 insidiis
1017 2625 1108 2719 agit,

57 2760 139 2832 quae
159 2739 348 2808 Lectorem
366 2736 576 2834 imperitum
596 2736 699 2808 facile
719 2736 848 2832 fugiat,
865 2738 982 2809 oculis
996 2765 1107 2839 expo·

58 2876 203 2943 nerem3
223 2869 263 2925 ut
280 2853 439 2951 denique
459 2855 497 2925 in
516 2833 679 2952 apricum
694 2853 893 2951 proferrem
912 2855 1108 2931 ridiculum

57 2968 166 3060 illud,
181 2971 284 3067 quod
297 2971 334 3042 in
351 2968 540 3059 omnibus,
553 2995 642 3068 quas
656 2984 858 3069 oppugnat,
877 2970 986 3043 rebus
1005 2974 1107 3046 inve·

57 3087 165 3157 uerit.
185 3090 270 3158 Haee
281 3102 385 3177 sunt,
397 3111 478 3183 quae
493 3085 578 3157 fecit
589 3100 674 3158 ante
689 3111 747 3156 me
766 3110 886 3158 nemo.
901 3090 1049 3176 Contra,
1067 3107 1107 3163 ut

56 3217 112 3274 est
128 3205 299 3276 Horatius
317 3228 428 3275 verus
444 3210 614 3290 Proteus,
636 3199 685 3299 ita
705 3203 804 3276 mille
823 3204 956 3277 formas
977 3209 1106 3299 variat,

55 3318 273 3418 interpretes
294 3345 382 3392 suos
405 3337 500 3417 saepe
522 3319 666 3415 effugit,
688 3319 752 3416 qui
772 3345 887 3417 quum
909 3323 1030 3420 ipsum
1047 3349 1104 3397 re·

55 3434 283 3531 prehendere
301 3437 511 3533 nequirent,
525 3450 712 3534 stupentes
727 3435 907 3531 fecerunt,
923 3442 1024 3537 quod
1036 3468 1104 3540 po-

56 3566 217 3625 tuerunt.
231 3552 433 3626 affixerunt
451 3555 485 3625 ei
505 3578 754 3651 sepenumero
773 3580 922 3627 sensum
940 3582 1007 3630 suo
1025 3586 1102 3632 non

56 3669 175 3741 solum
188 3671 390 3762 diversum,
404 3670 469 3743 sed
481 3671 589 3744 etiam
605 3671 812 3763 adversum,
829 3698 1010 3772 quemque
1025 3677 1103 3773 ipse

56 3783 195 3882 eoloco
210 3784 375 3858 refellere
389 3786 516 3858 voluit.
530 3791 654 3884 Neque
672 3802 726 3858 est
741 3812 806 3859 cur
816 3786 888 3859 illis
902 3790 1101 3887 quidquam

58 3899 255 3977 detractum
281 3902 409 3996 velim,
432 3905 497 4002 qui
520 3919 606 3976 ante
632 3928 689 3975 me
712 3905 861 3978 Horatio
886 3904 1100 3980 illustrando
